2227 3452
928 139 991 182 IV,
1021 140 1109 174 1-8
1859 138 1912 178 79

124 265 199 316 est)
229 264 312 303 iure
343 262 425 302 eius
456 274 534 301 non
566 267 715 301 mutato
741 258 957 299 aedificium
980 257 1098 298 sacris
1119 257 1254 297 usibus
1276 255 1511 295 destinatum
1533 255 1750 307 imponere,
1781 261 1914 295 contra

124 332 311 384 templum
349 331 416 383 qui
454 330 640 376 instituit,
679 329 822 369 scilicet
860 328 962 379 quod
1003 332 1233 379 perpetuum
1274 325 1335 372 sit,
1375 325 1460 376 plus
1492 326 1625 371 facere,
1658 337 1746 364 cum
1788 324 1914 364 solum

123 406 232 441 antea
263 399 454 452 privatum
486 399 526 438 in
558 411 708 438 sacrum
741 399 800 437 ius
832 396 1089 443 transmittat,
1126 400 1329 447 potestque
1366 399 1469 432 recte
1507 392 1659 431 defendi
1701 393 1831 431 aedem
1869 392 1915 432 ad

124 469 365 521 superficiem
399 468 602 519 pertinere,
634 467 777 518 templo
808 466 932 505 solum
966 477 1117 516 quoque
1149 462 1436 514 comprehendi.
1497 461 1639 500 Verum
1672 467 1729 500 est
1760 461 1811 500 ita
1844 462 1915 500 hoc

123 537 277 589 quidem
310 543 424 588 caput
455 537 510 588 (4,
537 538 570 575 1.
595 536 663 585 21)
696 535 788 574 satis
820 533 1001 585 expediri,
1034 545 1111 572 non
1143 532 1236 571 item
1258 530 1450 583 explicari,
1483 542 1552 569 cnr
1573 529 1687 568 etiam
1712 536 1798 581 post
1819 531 1917 568 facta

123 606 279 645 delubra
311 604 512 644 diversitas
544 610 708 648 maneat,
741 609 784 642 ut
815 608 944 641 manet
975 601 1133 640 omnino
1157 605 1206 649 (v.
1230 600 1266 647 4,
1290 599 1355 638 25.
1379 600 1415 647 5,
1439 599 1522 649 42).
1584 598 1657 637 Sed
1687 610 1774 637 cum
1799 608 1917 646 semel

122 674 371 718 obtinuisset,
404 680 447 712 ut
478 673 635 712 delubra
667 686 686 712 a
718 671 886 723 principe
918 670 969 709 ita
991 670 1211 715 constituta,
1245 674 1287 707 ut
1309 667 1442 719 templi
1463 679 1616 717 quoque
1639 666 1698 705 ius
1720 667 1764 705 ad
1788 666 1916 717 ipsum

122 743 276 789 rediret,
308 743 381 781 hoc
411 742 594 781 vocabulo
626 740 873 793 potissimum
905 739 1202 790 appellarentur,
1236 736 1367 787 templi
1395 735 1608 787 appellatio,
1648 734 1789 786 quippe
1820 747 1916 785 quae

123 808 477 850 maioris'beneficii
502 809 727 849 memoriam
751 808 943 860 quandam
967 807 1194 853 contineret,
1227 805 1340 844 etiam
1364 810 1451 856 post
1471 803 1749 843 dedicationem
1772 809 1918 842 retenta

122 886 192 919 est.
242 880 443 918 Praeterea
465 878 662 929 Augustus
696 878 759 916 ubi
790 878 828 916 in
861 877 1084 916 universnm
1108 876 1151 914 de
1173 873 1355 913 aedificiis
1378 874 1495 913 sacris
1518 873 1629 912 verba
1652 871 1752 917 facit,
1786 870 1919 922 templi

122 948 305 987 vocabulo
364 948 484 987 utitur
530 947 596 993 (4,
638 947 700 984 17.
738 946 802 984 49.
839 946 929 993 50),
985 945 1020 983 in
1081 943 1242 994 singulis
1294 942 1408 981 aedis.
1455 966 1508 969 —
1554 942 1695 993 Opera,
1749 951 1916 990 quorum

123 1023 302 1068 sumptus
334 1014 641 1055 subministravit
674 1016 882 1065 Augustus,
922 1026 1009 1053 cum
1051 1014 1186 1052 fierent
1224 1012 1294 1051 sub
1335 1011 1490 1049 nomine
1522 1010 1658 1056 alieno,
1691 1014 1733 1048 ut
1765 1007 1919 1047 basilica

121 1084 280 1124 Aemilia
314 1085 474 1133 (Becker
505 1098 540 1135 p.
564 1084 675 1130 306),
713 1085 883 1134 porticus
917 1081 1094 1121 Octaviae
1127 1081 1211 1121 (Dio
1243 1082 1307 1127 49,
1343 1080 1424 1131 43),
1465 1078 1636 1131 porticus
1677 1077 1802 1116 Liviae
1836 1076 1919 1125 (Dio

123 1154 188 1201 54,
220 1153 294 1201 233
326 1154 470 1192 Becker
500 1167 535 1205 p.
561 1152 670 1200 542),
712 1153 746 1191 in
787 1152 857 1190 hoc
901 1164 1058 1190 suarum
1100 1149 1407 1189 aedificationum
1440 1160 1601 1186 recensu
1641 1147 1838 1198 Augustus
1878 1152 1919 1184 ut

123 1235 191 1274 par
231 1229 311 1261 erat
353 1221 632 1274 praetermisit,
679 1220 937 1272 praetermisit
978 1220 1069 1258 item
1111 1231 1223 1270 opera
1263 1231 1282 1256 a
1321 1218 1401 1256 suis
1433 1219 1541 1262 facta,
1581 1222 1625 1255 ut
1655 1215 1785 1254 aedem
1819 1214 1921 1253 Con—

123 1292 273 1330 cordiae
305 1305 338 1330 a.
363 1290 440 1330 763
480 1290 691 1329 dedicatam
730 1302 749 1328 a
781 1289 933 1328 Tiberio
964 1288 1021 1339 (C.
1045 1288 1070 1326 l.
1096 1287 1173 1325 L.I
1202 1300 1236 1338 p.
1261 1286 1379 1337 3⁵34),
1418 1285 1573 1324 admisit
1613 1296 1709 1336 quae
1750 1283 1830 1336 ipse
1870 1283 1919 1322 ita

123 1360 232 1408 fecit,
281 1366 324 1399 ut
362 1360 433 1399 sub
470 1359 625 1397 nomine
665 1358 937 1397 defunctorum
971 1357 1174 1403 dedicaret,
1206 1362 1249 1394 ut
1280 1355 1473 1394 theatrum
1507 1353 1672 1393 Marcelli
1705 1353 1758 1400 (4,
1782 1352 1850 1402 22)
1883 1358 1920 1390 et

123 1429 316 1468 basilicam
351 1428 432 1467 Gaii
464 1435 501 1467 et
532 1427 639 1466 Lucii
672 1428 724 1475 (1,
760 1427 837 1476 16).
872 1450 923 1454 ᾖ
956 1426 1141 1465 Ordinem
1184 1424 1220 1463 in
1255 1423 1414 1475 singulis
1447 1429 1602 1461 secutus
1633 1428 1692 1461 est
1722 1422 1920 1472 Augustus

125 1496 320 1548 temporis,
352 1496 451 1535 sicut
473 1502 574 1534 recte
597 1495 811 1534 observavit
835 1495 1049 1547 Zumptius,
1082 1493 1156 1532 nisi
1179 1493 1281 1545 quod
1304 1492 1511 1537 interdum,
1546 1491 1711 1530 maxime
1742 1490 1780 1528 in
1813 1496 1920 1541 parte

123 1566 291 1605 secunda
324 1565 523 1616 tertiaque,
556 1577 595 1603 re
628 1564 832 1603 coniuncta
866 1570 1166 1615 componuntur.
1228 1562 1279 1600 De
1312 1561 1472 1613 singulis
1511 1560 1562 1599 ita
1603 1559 1831 1605 videbimus,
1872 1571 1919 1597 ne

123 1634 161 1673 in
196 1635 521 1687 topographorum
554 1633 790 1685 provinciam
825 1634 1082 1672 incurramus.

259 1702 373 1742 Cure'a
394 1711 428 1741 et
450 1706 640 1742 continens
661 1706 696 1741 ei
717 1702 981 1741 Chalcidicum.
1024 1702 1078 1741 Cf.
1103 1700 1247 1740 Becker
1271 1706 1346 1750 top.
1370 1712 1405 1750 p.
1430 1697 1508 1737 330
1533 1710 1610 1748 sq.;
1641 1695 1777 1736 Iordan
1802 1695 1920 1747 Topo-

119 1772 271 1824 9rclphie
314 1773 379 1811 der
417 1771 521 1811 Sladl
553 1771 646 1810 Rom
688 1772 721 1810 1.
755 1771 778 1808 2
811 1770 953 1822 (1583)
987 1784 1023 1822 p.
1048 1770 1147 1817 25⁴),
1187 1769 1285 1807 Rud.
1319 1766 1499 1806 Lanciani
1538 1765 1655 1805 l'aula
1687 1778 1704 1804 e
1732 1765 1788 1817 yle'
1814 1766 1925 1817 suffici

123 1841 181 1880 del
218 1848 345 1880 senato
394 1853 551 1880 romano
589 1840 646 1890 (in
692 1840 786 1879 actis
831 1840 1045 1879 academiae
1085 1839 1279 1877 Romanae
1321 1836 1445 1885 regiae
1487 1835 1729 1887 Lynceorum
1772 1834 1843 1872 vol.
1874 1835 1916 1871 11,

122 1922 154 1949 a.
180 1909 285 1949 1882
306 1909 360 1959 3).
412 1909 524 1949 Curia
547 1908 639 1947 lulia
672 1910 767 1947 sacta
800 1916 858 1947 est
889 1922 920 1946 a.
949 1907 1027 1946 712
1054 1913 1148 1946 teste
1172 1906 1289 1944 Dione
1322 1906 1404 1953 (47,
1431 1905 1498 1942 1(.);
1532 1902 1579 1942 τὸ
1612 1899 1918 1954 βουλητήριον

121 1977 168 2018 τὸ
194 1976 374 2018 Ἰούλιον
416 1975 489 2017 ἀπ’
536 1974 667 2016 azizos*
705 2002 714 2003 -
740 2000 755 2003 »-
790 1976 933 2015 scilicet
965 1990 984 2014 a
1016 1976 1176 2014 Caesare
1209 1974 1394 2013 dictatore
1427 1997 1475 1999 s*
1512 1969 1673 2024 κληθὲν
1712 1969 1832 2022 παρὰ
1867 1969 1922 2023 τῷ

121 2048 302 2100 κομιτίῳ
328 2042 623 2099 ω’νομασλειένῳ
649 2042 914 2097 ᾠκοδόμουν,
941 2040 1086 2096 ὥσπερ
1111 2040 1350 2095 ἐψήφιστο,
1385 2041 1420 2079 id
1450 2047 1508 2080 est
1539 2054 1570 2079 a.
1592 2041 1682 2083 711,
1709 2052 1741 2077 v.
1760 2038 1829 2077 Dio
1852 2039 1916 2082 44,

126 2116 162 2153 5.
196 2116 261 2162 45,
288 2116 353 2162 17)
385 2115 495 2165 eique
528 2126 641 2153 [inno.
674 2126 750 2151 non
784 2112 1000 2159 a11110725,
1033 2125 1109 2163 quo
1142 2117 1228 2162 post
1250 2110 1448 2149 Actiacum
1483 2109 1723 2160 triumphum
1748 2107 1918 2146 dedicata

123 2192 179 2223 est
212 2183 298 2235 (Dio
321 2185 392 2230 51,
428 2183 516 2234 22),
559 2195 643 2221 eam
685 2182 859 2232 adsignat
890 2181 1015 2227 locus,
1058 2192 1172 2232 quem
1212 2185 1315 2218 tenet
1348 2180 1383 2217 in
1418 2184 1673 2217 monumento
1705 2178 1919 2228 Ancyrano.

123 2252 382 2292 Chalcidicum
423 2258 551 2291 autem
592 2251 752 2289 omnino
789 2257 847 2290 est
885 2249 1092 2289 sacrarium
1134 2248 1324 2287 Minervae
1361 2247 1595 2286 Chalcidicae
1635 2246 1672 2284 id
1709 2245 1810 2297 quod
1852 2244 1920 2282 Dio

123 2322 148 2361 l.
171 2335 202 2361 c.
234 2334 310 2361 una
341 2334 430 2376 cum
463 2321 568 2360 curia
600 2320 816 2359 dedicatum
841 2332 925 2358 esse
947 2318 1098 2358 scribit:
1134 2315 1178 2357 τό
1212 2313 1511 2369 ῑεζίθήναιον
1542 2314 1588 2354 τὸ
1618 2315 1690 2366 (sic
1711 2314 1815 2360 Ven.,
1849 2313 1918 2352 καὶ

123 2389 169 2430 τὸ
203 2391 311 2430 codd.
341 2390 533 2441 vulgares)
568 2387 838 2428 Χαλκιδικὸν
877 2386 1185 2440 ὠνομασμένον
1225 2385 1295 2424 καὶ
1328 2385 1374 2424 τὸ
1407 2381 1713 2437 βουλευτήριον
1742 2383 1789 2422 τό
1814 2378 1921 2421 Ἰον-

124 2457 263 2499 λίειον
298 2458 345 2498 τὸ
377 2457 451 2497 ἐπὶ
483 2458 534 2514 τῇ
565 2457 642 2497 τοῦ
672 2455 837 2510 πατρὸς
868 2453 1001 2497 αὐτοῦ
1032 2456 1134 2508 τιμῇ
1164 2453 1396 2507 γενόμενον
1420 2454 1704 2505 καθιέρωσεν,
1736 2463 1806 2490 nec
1828 2456 1922 2502 puto

125 2527 169 2566 de
200 2540 243 2567 ea
274 2540 314 2566 re
345 2539 532 2579 nmquam
565 2526 806 2565 dubitassent
838 2525 906 2564 viri
937 2524 1051 2571 docti,
1083 2524 1158 2563 nisi
1189 2523 1402 2575 decepisset
1423 2534 1488 2560 eos
1510 2520 1622 2560 lectio
1643 2520 1776 2559 Dionis
1797 2519 1921 2558 inter-

125 2596 262 2647 polata.
305 2596 484 2635 Ceterum
516 2608 565 2634 ne
596 2607 715 2641 erres,
747 2594 1007 2633 Chalcidicum
1041 2593 1286 2632 monumenti
1307 2590 1496 2642 Ancyrani
1527 2589 1721 2628 diversum
1754 2594 1812 2627 est
1842 2593 1920 2627 tam

123 2665 170 2704 ab
208 2665 300 2705 aede
337 2665 527 2704 Minervae
570 2663 826 2709 Chalcidicae,
867 2675 982 2714 quam
1022 2664 1060 2702 in
1101 2674 1236 2713 campo
1267 2660 1403 2699 Martio
1441 2657 1651 2698 aedificavit
1681 2656 1922 2696 Domitianus

125 2733 287 2785 (Becker
317 2746 354 2786 p.
378 2733 477 2781 6463
509 2733 654 2771 Preller
685 2745 761 2783 reg.
785 2745 821 2783 p.
847 2732 962 2778 178),
994 2743 1110 2782 quam
1143 2730 1189 2769 ab
1220 2730 1310 2769 aede
1333 2729 1524 2768 Minervae
1562 2727 1608 2766 ad
1645 2728 1771 2765 forum
1802 2737 1922 2777 prope

126 2802 329 2842 Castorum
367 2801 479 2841 aedes
519 2803 617 2841 facta
660 2801 706 2839 ab
747 2801 881 2839 eodem
922 2799 1140 2838 Domitiano
1178 2799 1341 2850 (Becker
1371 2804 1448 2850 top.
1471 2810 1508 2849 p.
1532 2796 1632 2843 3553
1669 2794 1813 2833 Preller
1842 2806 1921 2845 reg.

125 2883 160 2922 p.
187 2870 282 2922 148)
313 2876 481 2921 notaque
512 2869 738 2921 praesertim
771 2882 816 2908 ex
848 2868 995 2919 legibus
1027 2868 1072 2906 de
1104 2867 1255 2906 civitate
1285 2866 1475 2906 veteranis
1507 2864 1628 2904 danda
1661 2876 1680 2902 a
1702 2862 1921 2901 Domitiano

125 2939 212 2978 inde
259 2939 304 2978 ad
342 2951 426 2978 eam
464 2938 596 2977 aedem
634 2937 841 2989 propositis
880 2937 944 2987 (cf.
978 2936 1130 2975 Bullect.
1164 2934 1270 2974 1845
1309 2949 1344 2987 p.
1382 2935 1490 2986 127).
1558 2934 1698 2973 Contra
1739 2931 1841 2983 quod
1882 2932 1920 2970 in

125 3007 260 3047 notitia
293 3007 398 3047 urbis
430 3006 587 3058 regione
618 3013 748 3046 octava
780 3013 963 3050 senatum,
995 3004 1033 3042 id
1064 3010 1123 3043 est
1154 3003 1300 3042 curiam
1326 3003 1472 3049 luliam,
1506 3002 1756 3052 subsequitur
1778 3002 1920 3039 atrium

127 3075 328 3123 Minervae,
363 3077 487 3128 ipsum
511 3075 691 3115 existimo
712 3088 796 3113 esse
819 3073 1061 3113 monumenti
1079 3072 1268 3124 Ancyram
1286 3071 1558 3117 Chalcidicum,
1594 3070 1920 3119 confirmaturque
