2227 3452
907 151 950 194 V,
977 152 1115 187 36-38
1821 162 1899 202 121

333 270 513 309 duumvir
538 270 717 309 inventus
740 276 798 309 est
819 270 1103 322 (Friedlaender
1124 271 1222 323 apud
1247 271 1429 311 Salletum
1453 278 1626 315 nmm‘sm.
1649 278 1856 331 Zeitschre'fc
1878 280 1902 318 6

332 351 368 389 p.
390 338 470 390 13),
492 338 530 377 id
551 339 653 390 quod
674 338 873 391 proprium
896 345 955 379 est
975 339 1212 379 coloniarum
1240 353 1260 379 a
1283 340 1441 380 Caesare
1462 349 1570 394 patre
1592 345 1901 387 constitutarum.

247 406 453 459 Aegyptus.

247 474 428 527 Cyrenae.

113 543 169 582 Ad
201 550 328 594 partes
358 545 509 597 imperii
541 550 621 584 tum
656 544 727 583 suh
757 544 911 595 regibus
938 545 1164 583 constitutas
1187 544 1401 593 Thraciam,
1434 547 1720 599 Cappadociam,
1753 551 1902 591 Maure-

114 611 278 659 taniam,
319 613 411 652 item
452 614 490 652 in
529 613 704 652 libertate
745 613 973 652 constitutas
1015 613 1167 665 Lyciam
1205 620 1243 652 et
1271 614 1556 667 Pamphyliam,
1597 617 1634 656 id
1665 619 1792 671 ipsum
1824 633 1899 660 non

112 680 298 732 pervenit,
330 694 418 720 eum
451 682 496 720 de
526 681 572 720 iis
603 681 780 734 princeps
813 681 970 721 omnino
1000 682 1160 720 verbum
1194 694 1273 721 11011
1303 683 1436 730 saciat,·
1466 684 1505 723 in
1537 685 1770 726 Mauretania
1801 695 1902 728 certe

111 754 150 788 et
170 748 397 789 Cartennam
432 756 469 789 et
490 750 730 802 Tupusuctu,
763 763 923 802 quarum
958 763 1071 803 supra
1105 751 1365 798 meminimus,
1398 758 1435 792 et
1465 753 1554 792 alias
1584 755 1752 795 colonias
1773 757 1902 809 plures

110 816 307 869 Augustus
339 819 540 859 constituit
573 819 809 870 (Marquardt
839 820 863 858 l.
896 832 927 858 6.
959 832 995 872 p.
1017 819 1129 869 487).

138 1019 222 1045 mr.
245 1006 281 1053 5,
305 1018 338 1045 35
361 1019 393 1045 3:
430 1006 536 1045 Italia
567 1012 695 1046 autem
729 1018 861 1043 XXVIII
887 1006 1102 1059 [colo]11i{iis,
1135 1020 1232 1058 quae
1263 1009 1347 1046 vivo
1379 1021 1436 1048 me
1467 1010 1726 1051 celeberrimae
1756 1018 1794 1051 et
1824 1015 1902 1052 fre-

360 1088 394 1114 36
431 1075 707 1127 quentissimae
738 1076 905 1119 suerunt.
943 1077 1047 1124 me[2's
1078 1077 1246 1127 auspicis]
1276 1076 1280 1129 Ι
1308 1077 1489 1116 deductas
1520 1079 1640 1118 habet.
1668 1078 1673 1133 Ι

109 1156 168 1182 GR.
184 1144 247 1191 15,
267 1156 302 1182 20
315 1155 345 1182 21
363 1155 398 1182 22
433 1142 610 1193 ’Imma
640 1142 687 1182 δὲ
719 1144 858 1183 εἴκοσι
892 1139 998 1183 dumi
1022 1140 1230 1192 ἀποικίας
1252 1143 1334 1195 ἔχει
1360 1140 1432 1185 ὑπ’
1454 1146 1559 1199 ἐμοῦ
1581 1151 1899 1203 καιαχθεῆσας,

431 1214 481 1251 αἲ
509 1211 615 1264 ἐμοῦ
647 1210 874 1263 περιόντος
907 1209 1188 1265 πληθύουσαι
1225 1212 1466 1265 ἕτύνχανον.
1494 1215 1498 1268 J

108 1298 149 1337 In
191 1299 265 1338 fine
302 1312 336 1337 v.
360 1299 411 1337 37
449 1299 541 1350 quid
580 1298 765 1349 scriptum
804 1298 936 1345 suerit,
975 1312 1052 1337 non
1092 1300 1222 1351 liquet.
1283 1301 1361 1351 Ego
1398 1303 1574 1341 dederam
1615 1304 1901 1357 [duodetriginta

109 1380 133 1406 α
170 1368 241 1418 me]
280 1368 472 1414 deductas,
513 1366 792 1406 Hirschfeldius
832 1368 867 1417 [a
910 1380 964 1406 me
1003 1369 1202 1419 aIIIplialczs
1239 1371 1315 1419 ant]
1353 1371 1546 1419 deductas,
1587 1373 1772 1424 Bergkius
1811 1376 1900 1424 [meo

104 1438 209 1476 iussu
237 1443 269 1475 et
289 1437 453 1487 nomine]
475 1437 668 1482 deductas3
700 1435 738 1474 in
761 1436 883 1487 lapide
905 1450 1111 1476 numerum
1135 1438 1209 1476 iam
1233 1444 1384 1477 constat
1404 1440 1454 1478 ibi
1476 1454 1571 1488 esse,
1595 1442 1658 1480 ubi
1682 1455 1742 1482 res
1767 1449 1900 1494 postu-

105 1505 158 1545 lat
178 1505 484 1557 collocarantque
514 1505 599 1544 iure
630 1504 816 1554 Bergkius
848 1512 885 1544 et
916 1505 1215 1552 IIirschfeldius,
1258 1514 1345 1557 post
1374 1510 1532 1559 suerunt
1563 1517 1689 1550 autem
1724 1519 1901 1563 superest

105 1587 163 1614 me
201 1573 466 1613 deficientibus
506 1573 644 1612 litteris
681 1573 833 1612 circiter
871 1574 1086 1613 duodecim.
1146 1574 1359 1615 Difficultas
1398 1590 1442 1616 eo
1480 1586 1642 1629 augetur
1672 1582 1774 1631 quod
1805 1594 1899 1620 con-

106 1656 244 1683 sensus
274 1643 375 1683 111161·
395 1643 582 1682 Graecum
607 1647 817 1681 vertentem
844 1639 914 1682 ὑπ’
946 1641 1052 1696 ἐμοῦ
1083 1650 1120 1682 et
1142 1644 1370 1684 Suetonium
1397 1646 1505 1698 (Aug.
1529 1649 1601 1687 46:
1633 1648 1785 1689 Italiam
1808 1651 1900 1690 dno-

106 1712 305 1763 detriymta
335 1713 567 1751 coloniarum
599 1723 753 1750 numero
787 1712 1033 1752 deduclarwn
1064 1714 1110 1751 ab
1141 1726 1176 1752 se
1206 1714 1475 1765 frequentavit)
1508 1715 1589 1755 sine
1612 1717 1728 1757 dubio
1749 1731 1794 1757 ex
1815 1719 1898 1770 ipso

103 1780 228 1820 indice
265 1782 498 1833 pendentem
536 1781 731 1832 postulare
770 1780 939 1827 videtur,
979 1788 1021 1820 ut
1059 1781 1120 1820 hic
1160 1794 1237 1820 non
1279 1782 1379 1821 aliud
1421 1784 1537 1823 fuerit
1573 1785 1646 1824 nisi
1687 1787 1747 1825 cui
1786 1788 1899 1826 verba

103 1863 127 1890 α
155 1863 213 1890 me
244 1857 347 1890 recte
379 1856 416 1889 et
446 1851 555 1902 plene
586 1849 857 1900 respondeant.
900 1850 1027 1897 Quare
1057 1854 1146 1890 meis
1167 1854 1341 1902 auspiciis
1362 1864 1504 1903 ponere
1527 1854 1642 1893 malui
1666 1868 1781 1906 quam
1805 1869 1898 1908 sup—

102 1919 342 1971 plementum
374 1919 628 1970 Bergkianum
671 1931 739 1969 per
779 1932 818 1957 se
857 1919 1073 1971 optimum,
1110 1932 1198 1959 nam
1237 1919 1403 1959 colonias
1434 1921 1480 1959 ab
1510 1921 1683 1973 Augusto
1716 1923 1897 1962 deductas

102 2000 235 2027 verum
273 1994 331 2027 est
369 2001 503 2028 omues
542 1994 607 2026 aut
638 1987 751 2026 Iulias
791 1987 909 2027 dictas
942 1989 1058 2028 fuisse
1089 1995 1156 2028 aut
1185 1989 1389 2039 Augustas.
1450 1989 1589 2029 Videor
1619 1991 1711 2030 adeo
1742 1991 1781 2030 in
1814 1993 1897 2043 ipso

102 2063 236 2109 actypo
267 2063 479 2096 extremam
511 2069 644 2095 versus
676 2055 842 2095 litteram
875 2070 893 2096 5
925 2057 1019 2096 1111111
1051 2057 1351 2109 deprehendisse
1383 2064 1597 2110 separatam
1629 2073 1648 2099 a
1680 2074 1738 2099 ME
1764 2060 1895 2099 decem

101 2125 316 2165 litterarum
349 2126 565 2173 intervallo,
608 2137 690 2164 eam
724 2130 851 2164 tamen
885 2139 999 2178 supra
1031 2139 1173 2178 ponere
1204 2126 1329 2173 nolui,
1362 2127 1545 2177 quoniam
1577 2141 1654 2167 non
1687 2135 1896 2168 enotarunt

103 2195 169 2245 qui
200 2194 328 2247 ipsum
360 2194 525 2247 lapidem
558 2194 748 2233 viderunt.

234 2263 415 2310 Quaestio
454 2264 547 2302 haec
584 2269 627 2302 ut
663 2263 701 2301 in
735 2263 861 2302 verbis
892 2263 1125 2310 continetur,
1158 2263 1210 2303 ita
1241 2264 1352 2314 longe
1383 2264 1596 2315 graviorem
1629 2271 1667 2304 et
1696 2265 1742 2304 ad
1772 2265 1894 2317 ipsam

100 2343 183 2370 rem
222 2332 478 2383 pertinentem
512 2345 554 2371 ea
587 2338 742 2371 movent
771 2332 859 2371 licet
891 2345 959 2383 per
991 2346 1030 2371 se
1062 2332 1369 2384 simplicissima,
1411 2334 1555 2373 scilicet
1585 2333 1675 2385 quid
1708 2334 1896 2385 significet

101 2399 293 2453 princeps,
325 2401 389 2440 uhi
420 2400 592 2452 loquitur
614 2400 660 2438 de
681 2400 785 2439 Italia
808 2406 845 2439 et
867 2401 912 2439 de
935 2401 1094 2439 coloniis
1117 2414 1136 2440 a
1159 2414 1198 2440 se
1221 2401 1406 2441 deductis.
1458 2406 1540 2449 Qua
1562 2403 1607 2442 de
1629 2416 1669 2441 re
1691 2409 1893 2454 postquam

100 2481 226 2521 nuper
255 2470 340 2509 data
371 2483 485 2522 opera
517 2468 708 2521 disputavi
738 2469 906 2508 colonias
939 2470 1066 2509 Italiae
1097 2482 1304 2509 recensens
1335 2471 1517 2511 deductas
1547 2485 1566 2511 a
1600 2472 1702 2511 Sulla
1733 2472 1779 2510 ad
1801 2472 1894 2510 Ves-

101 2537 301 2588 pasianum
335 2538 515 2587 (Hermae
536 2539 608 2577 vol.
644 2538 693 2577 18
717 2552 752 2590 p.
780 2538 853 2577 161
879 2552 970 2590 seq„
1006 2539 1229 2591 praesertim
1257 2553 1291 2590 p.
1319 2540 1427 2591 156),
1460 2541 1522 2580 1116
1543 2554 1639 2592 quae
1661 2540 1713 2579 ihi
1735 2540 1894 2591 exposui

102 2605 234 2656 paucis
264 2613 447 2659 repetam.

231 2675 375 2714 Italiam
409 2675 576 2727 intellegi
607 2688 627 2714 a
656 2676 829 2727 principe
860 2689 956 2723 eam,
989 2689 1086 2728 quae
1118 2682 1199 2715 tum
1232 2677 1306 2715 fuit
1335 2690 1424 2716 cum
1448 2678 1614 2729 scripsit,
1645 2677 1682 2715 id
1706 2683 1893 2716 65160111-

102 2741 330 2792 prehensam
362 2743 462 2781 inter
482 2743 623 2782 Varum
656 2750 693 2782 et
713 2745 876 2792 Arsiam,
910 2758 1000 2783 sane
1031 2758 1109 2784 non
1140 2748 1240 2784 foret
1270 2746 1335 2796 qui
1366 2747 1404 2785 111
1428 2746 1706 2785 dubitationem
1728 2752 1891 2794 vocaret,

99 2809 172 2849 nisi
204 2817 333 2850 essent
363 2811 533 2850 coloniae
563 2812 724 2863 Augusti
755 2820 880 2852 certae
911 2819 949 2851 et
978 2813 1128 2852 nobiles
1159 2814 1389 2864 Illyrieanae.
1442 2815 1536 2854 Nam
1559 2815 1745 2853 Emonam
1779 2816 1828 2862 (v.
1852 2814 1890 2852 C.

99 2877 126 2916 Ι.
149 2878 191 2917 L.
213 2879 264 2918 ΙΙΙ
294 2893 329 2931 p.
353 2879 450 2931 489)
480 2879 519 2918 in
552 2880 700 2931 Illyrico
731 2881 932 2929 inferiore,
972 2881 1012 2919 in
1044 2882 1241 2933 superiore
1272 2882 1380 2922 Iader
1410 2884 1460 2935 (v.
1485 2883 1524 2922 C.
1548 2883 1574 2922 Ι.
1598 2883 1638 2921 L.
1662 2883 1712 2921 ΙΙΙ
1734 2895 1769 2933 p.
1793 2882 1891 2933 374)

100 2952 138 2986 et
165 2948 324 2987 Salonas
357 2948 400 2999 (l.
429 2961 460 2987 6.
488 2961 525 2999 p.
548 2948 670 3002 304),
711 2952 874 2990 fortasse
914 2951 1028 2990 etiam
1059 2951 1293 3003 Epidaurum
1326 2953 1365 3004 (l.
1389 2965 1420 2991 c.
1443 2966 1479 3004 p.
1503 2951 1600 3003 287)
1631 2957 1668 2990 et
1698 2950 1890 2989 Naronam

101 3015 140 3065 (l.
163 3029 195 3055 6.
217 3030 252 3068 p.
276 3017 374 3068 291)
414 3017 570 3056 colonos
613 3030 700 3056 eum
740 3019 889 3058 misisse
931 3026 997 3059 aut
1034 3026 1180 3059 certum
1224 3027 1282 3060 est
1312 3027 1378 3060 aut
1409 3027 1513 3060 certo
1545 3020 1783 3071 proximum,
1821 3032 1891 3058 1166

100 3085 349 3124 continentur
378 3085 549 3124 coloniae
578 3086 797 3137 illyricanae
829 3087 949 3139 capite
981 3087 1170 3139 proximo,
1202 3101 1277 3139 quo
1307 3089 1434 3139 agitur
1461 3089 1507 3126 de
1534 3087 1693 3127 coloniis
1715 3087 1889 3126 deductis
