2227 3452
841 171 890 215 Π,
916 173 973 207 46.
1013 172 1082 215 ΠΙ,
1111 174 1127 207 1
1156 173 1176 207 2
1847 179 1897 219 51

115 290 212 329 bello
248 289 431 329 Armenio
461 302 493 329 a.
518 290 617 338 753,
659 303 730 330 nec
771 291 925 331 difficile
955 291 992 331 id
1023 291 1250 332 conciliatur
1285 303 1373 330 cum
1413 292 1538 331 verbis
1580 294 1742 334 Cornelii
1781 296 1902 336 Taciti

114 346 215 411 (vffde
254 358 370 409 infra)
407 358 541 398 Ianum
578 361 810 411 patefactum
847 373 931 399 esse
966 373 1049 401 sene
1082 362 1259 414 Anyusto.
1290 383 1344 388 —
1374 360 1575 401 Praeterea
1607 376 1703 413 quae
1735 365 1781 404 de
1811 366 1900 404 Iano

114 427 242 466 clauso
280 426 462 477 leguntur
497 428 599 479 apud
638 434 833 476 auctores,
874 441 1011 480 parum
1048 429 1194 469 iuvant..
1244 429 1426 469 Horatius
1458 432 1498 479 (†
1527 431 1625 481 746)
1657 432 1696 470 in
1728 433 1902 484 epistula,

114 508 211 547 quae
247 495 371 546 prima
409 501 467 534 est
495 496 582 534 libri
613 496 790 543 secundi,
822 496 983 548 scripta,
1015 504 1059 537 ut
1088 511 1172 538 mea
1202 500 1277 537 fert
1307 498 1447 550 opinio,
1479 511 1512 537 a.
1546 500 1622 537 741
1658 500 1708 551 (v.
1742 501 1903 540 Hermae

113 564 186 603 vol.
212 564 260 602 15
283 577 319 615 p.
345 564 453 614 103),
486 577 519 602 v.
543 564 623 603 255
645 566 811 605 claustra
832 578 1051 604 memorans
1074 568 1263 606 custodem
1279 569 1384 618 pacis
1404 566 1541 606 Ianum
1563 567 1778 615 cohibentia,
1813 569 1902 607 item

113 632 152 671 in
192 632 361 671 carmine
402 634 438 678 4,
475 634 522 671 15
567 634 655 672 anni
696 633 831 672 incerti
868 647 900 672 v.
925 634 948 673 S
979 635 1197 686 Augustum
1238 635 1398 674 laudans
1436 635 1537 686 quod
1578 648 1736 675 vacnum
1775 637 1906 676 duellis

113 701 250 740 latium
273 700 428 747 Quirini
454 702 598 749 clausit,
632 707 795 752 utroque
826 702 908 741 loco
940 703 1096 754 respicit
1123 704 1169 742 ad
1192 704 1327 743 Ianum
1350 703 1522 743 clausum
1546 717 1579 742 a.
1604 704 1682 742 725
1707 705 1904 744 finitorum

114 769 300 809 bellorum
342 769 509 809 civilium
547 770 712 809 indicem
745 777 783 809 et
813 771 951 810 merito
982 779 1184 823 propterea
1216 772 1281 811 diu
1312 773 1463 823 lateque
1494 773 1740 811 celebratum.
1801 775 1906 825 ipsae

113 844 244 890 portae
288 843 420 877 utrum
466 845 623 890 propter
666 839 757 878 alias
803 852 936 878 causas
981 846 1113 891 postea
1154 841 1325 880 reclusae
1362 847 1490 880 essent
1526 854 1646 880 necne
1686 848 1796 893 poeta
1828 856 1905 881 nou

113 906 321 958 quaesivit,
352 907 473 945 multo
506 907 635 946 minus
668 908 740 946 hoe
770 908 852 947 loco
884 908 1063 958 cogitavit
1095 909 1140 947 de
1163 909 1252 948 lano
1280 910 1409 949 clauso
1442 910 1499 948 vel
1527 910 1755 961 potiusnon
1779 911 1907 949 clauso

113 988 146 1014 a.
169 975 267 1021 744,
306 980 349 1013 ut
378 980 480 1013 recte
512 975 642 1014 docuit
673 976 862 1016 Frankius
895 977 951 1028 (in
984 977 1091 1016 fastis
1124 977 1253 1017 Horat.
1286 992 1322 1030 p.
1356 978 1434 1017 223
1454 980 1564 1030 seq.).
1597 1002 1651 1005 —
1684 979 1784 1017 Flori
1816 992 1907 1018 nar-

114 1044 211 1083 ratio
241 1043 338 1082 libro
370 1049 542 1082 extremo
575 1044 619 1082 de
651 1044 740 1084 lano
772 1046 900 1085 clauso
932 1058 1033 1084 anno
1066 1046 1171 1085 urbis
1203 1046 1378 1085 conditae
1416 1047 1776 1098 septingentesimo,
1819 1061 1907 1087 eum

113 1112 314 1166 praecedat
343 1113 414 1151 alia
446 1112 492 1151 de
523 1112 644 1163 signis
675 1126 694 1152 a
726 1113 878 1152 Parthis
909 1115 1098 1153 restitutis
1132 1128 1167 1153 u.
1190 1128 1221 1154 c.
1246 1116 1338 1163 734,
1371 1122 1457 1167 apte
1489 1118 1676 1155 referetur
1707 1118 1753 1155 ad
1776 1118 1907 1156 aedem

115 1181 271 1221 tertium
304 1182 486 1228 clausam,
517 1182 584 1221 sed
617 1194 706 1221 cum
738 1194 925 1221 numerus
957 1189 1163 1234 corruptus
1196 1184 1245 1223 sit
1267 1184 1345 1223 sive
1368 1185 1536 1223 auctoris
1558 1186 1669 1236 culpa
1691 1186 1769 1225 sive
1792 1186 1909 1225 libra-

114 1251 274 1297 riorum,
307 1263 403 1301 quae
434 1251 534 1302 apud
556 1264 643 1290 eum
669 1250 832 1302 legimus
854 1251 899 1289 ad
922 1250 1187 1290 difficultatem
1209 1253 1485 1304 expediendam
1517 1266 1654 1304 parum
1687 1254 1824 1293 valent.
1856 1278 1910 1282 -—

114 1319 239 1359 Etiam
280 1319 439 1358 minoris
479 1319 667 1358 momenti
703 1319 837 1358 relatio
874 1326 933 1358 est
964 1319 1102 1366 Orosii,
1140 1327 1346 1372 postquam
1380 1322 1558 1373 exposuit
1588 1323 1632 1361 de
1664 1322 1754 1361 lano
1786 1323 1910 1375 impe-

114 1394 222 1427 rante
252 1388 426 1439 Augusto
458 1388 515 1426 bis
546 1388 689 1434 clauso,
722 1388 772 1427 ita
804 1388 998 1439 pergentis
1031 1388 1084 1437 (6,
1109 1387 1173 1435 22,
1199 1390 1257 1440 1);
1289 1402 1390 1429 anno
1421 1391 1466 1429 ab
1497 1391 1590 1429 ‘arbe
1621 1393 1766 1430 condita
1789 1405 1915 1430 ocean

118 1456 258 1496 Caesar
294 1457 481 1508 Auyusats
519 1457 564 1496 ab
606 1459 745 1496 oriente
787 1459 825 1495 in
868 1458 1108 1501 occidentem,
1147 1470 1169 1496 a
1199 1461 1444 1509 septentrione
1474 1461 1514 1497 in
1549 1460 1744 1498 meridiem
1773 1473 1816 1499 ac
1842 1473 1912 1511 per

114 1532 231 1565 totam
263 1524 407 1565 Oceani
441 1526 623 1564 circulum
663 1527 803 1564 cunctis
838 1525 1008 1576 yentibns
1046 1538 1122 1563 ¹nna
1159 1539 1250 1577 pace
1290 1529 1498 1577 compositis
1536 1526 1622 1566 Iani
1648 1535 1776 1578 portas
1806 1531 1911 1567 tertio

114 1596 188 1646 ipse
216 1601 303 1633 tinec
335 1593 486 1633 clausit:
517 1606 609 1644 quas
639 1606 687 1632 ea:
718 1605 756 1632 eo
775 1605 844 1645 per
866 1594 1055 1632 duodecim
1077 1595 1156 1645 fere
1177 1607 1297 1634 amcos
1318 1598 1540 1647 quietissimo
1561 1609 1703 1648 semper
1725 1598 1913 1636 obseratas

116 1666 186 1703 otio
225 1666 305 1714 ipsa
341 1665 453 1702 ettam
494 1663 622 1714 robiyo
659 1665 842 1714 smitam.
882 1675 947 1701 nec
981 1665 1088 1713 prins
1127 1676 1303 1714 nmquam
1334 1667 1409 1703 nisi
1435 1665 1502 1703 snb
1533 1671 1703 1704 eatrema
1732 1673 1912 1705 senectute

117 1732 274 1783 Aityttstz'
295 1732 468 1783 pulsatae
489 1731 764 1770 Atheniensium
796 1731 972 1770 seditione
1005 1740 1103 1777 team
1135 1731 1324 1771 Eusebius
1346 1733 1592 1771 Armeniacae
1625 1734 1812 1773 versionis
1845 1734 1912 1773 ad-

117 1800 248 1839 scribit
279 1800 324 1839 ad
357 1801 484 1852 ipsum
517 1812 675 1847 annum,
708 1813 784 1851 quo
806 1800 1003 1851 Augustus
1035 1799 1146 1851 obiit)
1168 1808 1200 1839 et
1222 1800 1410 1839 Dacorum
1435 1805 1675 1842 commotione
1694 1809 1911 1854 patuerunt.

117 1869 204 1908 Mox
235 1870 290 1918 (6,
312 1868 379 1919 22,
403 1869 445 1919 6)
476 1868 597 1907 addit:
635 1881 675 1908 eo
706 1876 884 1919 tempore,
922 1870 961 1907 iil
992 1875 1041 1906 est
1073 1882 1113 1907 eo
1145 1882 1244 1908 ‹inno
1276 1882 1346 1921 qno
1376 1870 1633 1921 firmissimam
1663 1874 1914 1910 verissimam-

117 1951 185 1990 que
214 1950 341 1990 pacem
363 1937 596 1977 ordinatione
617 1937 677 1976 (lei
699 1936 838 1975 Caesar
865 1939 1078 1987 composuit,
1112 1945 1223 1977 natas
1244 1945 1295 1977 est
1317 1937 1494 1978 Christus.
1536 1938 1708 1989 Denique
1731 1941 1785 1990 (7,
1809 1940 1846 1986 3,
1870 1940 1913 1989 7)

118 2006 273 2046 scribit:
310 2012 351 2045 ut
387 2006 508 2046 verbis
543 2004 710 2045 Cornelii
739 2004 858 2044 Taciti
897 2006 1049 2056 loquar,
1087 2018 1171 2045 sene
1201 2008 1366 2057 Anqnsto
1398 2006 1515 2046 Ionas
1548 2008 1782 2059 patefactus.
1824 2007 1914 2047 dnm

117 2076 219 2128 apud
253 2081 439 2115 emcremos
476 2082 669 2114 terraram
706 2085 823 2113 novae
858 2082 983 2125 gentes
1021 2086 1129 2126 saepe
1164 2087 1212 2114 ea)
1248 2088 1319 2114 usn
1357 2082 1389 2114 et
1427 2076 1631 2127 aliqnando
1661 2089 1745 2115 cnm
1777 2077 1912 2116 (lanino

118 2151 364 2198 quaeruntur,
395 2156 509 2195 nsque
541 2143 591 2182 ad
620 2142 837 2193 Vespasiani
865 2142 1014 2182 (tm-<wic
1036 2145 1247 2194 imperinm.
1296 2143 1392 2182 Nam
1416 2150 1458 2182 ut
1480 2144 1630 2183 mittam
1654 2157 1742 2183 eum
1766 2157 1912 2183 annum

118 2226 234 2266 quem
266 2212 427 2253 Orosius
459 2211 659 2263 signifieat,
693 2210 966 2250 duodecimum
1000 2218 1087 2250 ante
1110 2218 1275 2251 mortem
1299 2212 1474 2263 Augusti,
1508 2225 1544 2251 u.
1568 2226 1598 2251 c.
1624 2214 1702 2251 755
1726 2213 1783 2251 vel
1816 2213 1910 2260 756,

118 2282 352 2322 incidentem
392 2281 430 2320 in
469 2281 508 2320 C.
540 2279 710 2319 Caesaris
749 2279 891 2318 bellum
922 2280 1196 2319 Armeniacum
1228 2280 1317 2319 Iano
1355 2281 1565 2319 claudendo
1607 2294 1742 2333 parum
1780 2287 1914 2333 aptum

120 2364 202 2391 esse
242 2357 281 2390 et
309 2350 445 2389 Ianum
486 2349 546 2387 vix
585 2348 758 2388 clausum
800 2362 884 2387 esse
922 2349 1094 2400 potuisse
1136 2362 1204 2401 per
1241 2355 1414 2401 tempora
1453 2362 1549 2400 quae
1581 2355 1798 2401 sequuntur
1830 2349 1917 2388 belli

119 2418 331 2459 Pannonici
362 2424 400 2458 et
430 2417 657 2464 Germanici,
700 2423 776 2456 tota
808 2417 978 2456 narratio
1010 2418 1206 2457 evidenter
1236 2417 1463 2470 interpolata
1495 2423 1553 2457 est
1583 2418 1714 2457 fraude
1748 2424 1823 2457 tam
1856 2417 1932 2469 pia-

120 2501 235 2541 quam
257 2487 423 2527 absurda
445 2500 487 2526 ea
508 2487 602 2539 ipsa,
625 2499 722 2538 quae
745 2486 966 2538 triumphos
988 2487 1151 2538 Augusti
1172 2500 1218 2526 ex
1238 2481 1299 2526 'die
1320 2487 1415 2538 Aug.
1442 2486 1503 2525 13.
1532 2487 1592 2525 14.
1619 2487 1668 2525 15
1691 2486 1729 2524 in
1752 2486 1838 2525 Dee.
1862 2485 1915 2524 24

122 2557 263 2598 Christi
291 2556 457 2596 natalem
489 2555 687 2595 transtulit
717 2554 771 2604 (6,
790 2554 855 2602 26,
882 2554 934 2605 1).
979 2555 1171 2595 Nimirum
1198 2556 1334 2595 Ianum
1358 2562 1416 2595 ter
1436 2556 1609 2595 clausum
1641 2568 1725 2594 esse
1757 2554 1918 2594 Orosius

120 2625 289 2678 repperit
321 2625 422 2677 apud
446 2623 691 2671 Suetonium,
728 2635 819 2662 sene
839 2623 1015 2675 Augusto
1046 2625 1206 2664 tertium
1237 2626 1469 2676 patefactum
1502 2636 1586 2663 esse
1607 2623 1708 2675 apud
1730 2623 1918 2669 Tacitum,

120 2695 272 2746 reliqua
302 2692 482 2733 monachi
513 2697 733 2732 commenta
763 2699 866 2731 sunt.

829 2855 1050 2906 OAPVT
1086 2857 1215 2905 XIV

210 2977 293 3003 LA'r.
316 2964 353 3011 2,
375 2976 408 3003 46
445 2961 449 3016 Ι
478 2962 622 3013 [FiIJios
653 2974 772 3009 meos,
805 2964 902 3013 quos
923 2963 1088 3013 iuv[enes
1108 2963 1213 3012 manlii
1235 2963 1377 3014 eripuit
1398 2963 1587 3011 sor[tnna],
1620 2961 1757 3000 Gaium
1779 2966 1817 3000 et
1838 2961 1920 3001 Lu-

318 3032 354 3080 3,
394 3044 406 3070 1
447 3031 549 3070 cium
578 3031 756 3070 Caesares
780 3027 795 3086 Η
816 3031 975 3070 honoris
1006 3032 1083 3070 mei
1114 3032 1247 3071 caussa
1279 3037 1436 3070 senatus
1458 3031 1700 3082 populusque
1721 3030 1921 3069 Romanus

391 3112 409 3139 2
445 3111 590 3139 annum
623 3099 802 3151 quintum
830 3106 869 3140 et
890 3098 1093 3150 decilmum
1116 3101 1263 3151 agentis
1285 3100 1463 3139 consules
1486 3098 1709 3150 designavit,
1742 3105 1785 3137 ut
1806 3099 1917 3148 [e]um

1660 3165 1708 3200 4ss
