2227 3452
796 184 1001 220 TITVLVS
1028 183 1323 218 TIBVRTINVS
1877 187 1896 225 1
1905 187 1928 225 7
1935 187 1957 226 7

162 311 431 358 praeterquam
454 305 556 356 quod
579 305 771 344 Herodem
796 304 895 343 male
916 303 1087 348 adscivit,
1120 315 1164 341 eo
1186 302 1267 341 solo
1298 300 1457 340 nomine
1488 301 1640 348 erravit,
1673 302 1777 352 quod
1799 314 1958 341 censum

162 387 208 413 ex
239 373 405 420 Quirinii
435 373 772 413 administratione
802 371 1016 424 posteriore
1048 369 1246 409 transtulit
1277 369 1316 407 in
1347 368 1532 420 priorem.

273 441 334 481 IV.
380 441 488 480 Diem
519 442 614 480 obiit
634 440 834 488 Quirinius
866 445 963 478 teste
992 438 1123 477 Tacito
1154 438 1261 489 (ann.
1285 437 1323 484 3,
1348 437 1418 487 48)
1451 436 1690 488 grandaevus
1721 451 1753 476 a.
1773 451 1810 477 u.
1828 451 1858 477 c.
1883 439 1963 477 774

163 510 241 549 sive
272 522 308 561 p.
342 509 429 548 Chr.
463 509 512 548 21
546 510 675 560 itaque
704 509 880 559 Augusto
913 506 1137 557 supervixit.

296 579 540 629 Quapropter
571 583 754 628 quattuor
784 575 857 614 illis
890 574 991 613 tituli
1013 574 1207 613 Tiburtini
1238 573 1392 613 indiciis
1425 586 1512 612 cum
1537 572 1675 624 reliqui
1699 573 1831 625 Syriae
1853 575 1966 625 legati

163 647 229 698 qui
268 647 423 698 quidem
464 646 546 685 noti
585 645 660 684 sint
699 643 952 683 excludantur
983 655 1137 689 omnes,
1177 643 1222 681 de
1255 642 1335 681 solo
1367 648 1495 681 autem
1529 641 1705 688 Quirinio
1739 654 1816 679 non
1850 643 1966 680 modo

163 715 260 754 nihil
298 716 490 761 tradatur,
531 713 634 764 quod
672 725 759 752 cum
802 711 913 750 titulo
953 724 1031 750 non
1070 716 1171 750 recte
1203 711 1448 757 concilietur,
1487 710 1552 749 sed
1586 710 1702 748 etiam
1735 709 1968 749 conveniant

163 784 202 823 in
234 797 324 823 eum
355 783 448 835 ipsis
470 781 697 822 adversariis
719 780 930 819 fatentibus
953 785 1180 818 ornamenta
1204 778 1464 830 triumphalia,
1498 791 1603 817 mors
1625 784 1714 829 post
1736 778 1968 828 Augustum,

165 852 328 903 denique
374 852 477 903 quod
524 849 736 889 maximum
781 855 840 888 est
878 848 1006 900 Syriae
1046 849 1182 898 legatio
1223 847 1386 898 duplex,
1433 859 1530 897 quae
1574 852 1726 898 praeter
1764 846 1869 884 hunc
1906 846 1969 884 alii

164 920 261 959 nulli
298 920 374 958 ullo
414 926 587 970 tempore
618 917 770 956 videtur
800 917 996 968 obtigisse,
1034 915 1200 966 elogium
1232 915 1483 967 probabiliter
1513 914 1568 953 sic
1599 914 1964 965 redffitegrabimus,

120 1005 123 1008 >
164 987 284 1039 patris
316 986 482 1033 Quirinii
512 985 763 1037 praenomine
795 985 940 1025 adscito
973 998 1018 1024 ex
1049 984 1158 1024 fastis
1191 984 1324 1023 Dionis
1356 984 1464 1035 (0.1.
1489 983 1568 1022 L.I
1598 996 1634 1035 p.
1659 984 1774 1032 547):

325 1124 358 1157 p.
557 1113 721 1157 sulpicius
909 1123 941 1155 p.
1125 1112 1161 1153 s.
1354 1112 1524 1152 qllz'rinl'ns
1722 1120 1787 1142 eos.

325 1274 377 1307 pr.
452 1274 514 1306 pro
591 1261 719 1294 consul.
801 1263 928 1293 cretam
1012 1263 1043 1291 et
1124 1270 1266 1302 cyrenas
1347 1262 1557 1303 prouinciam
1641 1261 1790 1303 optinuit

355 1359 1792 1370 ..........................

352 1413 484 1455 legatus
540 1422 590 1455 pr.
648 1422 702 1454 pr.
769 1411 842 1442 dini
899 1412 1039 1452 ang-nsit?
1105 1412 1232 1451 syriam
1292 1412 1324 1441 vt
1382 1411 1560 1453 phoenicen
1634 1411 1790 1453 optinens

351 1486 434 1520 bellu
439 1499 471 1519 m
672 1488 779 1529 gessit
990 1497 1028 1517 en
1033 1496 1066 1516 m
1268 1487 1348 1526 gent
1351 1496 1367 1516 e
1570 1485 1643 1516 horn
1650 1483 1793 1516 onaclen-

353 1565 440 1595 sium
739 1573 822 1603 qnae
1115 1561 1147 1590 in
1153 1560 1227 1599 [ers
1224 1561 1332 1590 ecerat
1461 1547 1464 1549 ι
1616 1561 1795 1601 amyntam

363 1641 402 1666 rE
414 1640 439 1666 G
450 1640 507 1666 ΕΜ
531 1648 540 1657 ·
563 1639 661 1674 QVA
683 1647 692 1656 ·
716 1640 767 1665 RE
781 1640 806 1664 D
818 1640 843 1664 Α
853 1638 876 1665 C
889 1639 911 1663 T
923 1639 948 1663 Α
971 1645 978 1653 ·
1003 1637 1047 1662 ΙΝ
1072 1645 1079 1652 ·
1104 1637 1122 1661 Ρ
1132 1636 1158 1662 0
1170 1630 1335 1661 Testaeem
1540 1629 1618 1671 imp.
1644 1629 1794 1659 caesaris

359 1714 578 1741 AVGVSTI
603 1722 611 1731 ·
636 1703 1204 1748 POPVLIQVE·ROMAN1·
1229 1711 1438 1737 SENATV-s·
1463 1702 1516 1735 dis
1547 1702 1798 1736 immortalibus

361 1792 784 1819 svrrchTioNES
804 1799 813 1809 ·
832 1781 978 1817 BINAS
997 1799 1004 1807 ·
1023 1790 1108 1816 OB·
1127 1789 1238 1815 Ri-:s-
1264 1788 1478 1815 mosem-e
1502 1782 1542 1812 alu
1566 1791 1601 1812 eo
1624 1783 1742 1823 gestas
1767 1783 1797 1812 et

370 1869 457 1896 1951
547 1878 555 1886 ·
644 1868 951 1895 ORNAMENTA
1041 1876 1049 1884 ·
1138 1858 1430 1892 TRIVMPHalia
1538 1857 1683 1889 decreuit

328 1947 423 1973 PRO
455 1945 883 1973 ·CONSV1.·A51AM
906 1953 914 1962 ·
939 1943 1261 1970 rnoviNciAM
1286 1960 1294 1967 .
1317 1936 1485 1968 optinuit
1510 1933 1643 1973 leg-atus
1667 1942 1719 1976 pr.
1744 1943 1796 1975 pr.

363 2010 470 2047 DIVI
499 2030 507 2038 ·
544 2020 762 2047 AVGVSTI
801 2013 1018 2045 iTERVM·
1052 2018 1237 2044 SYRIAM
1271 2026 1278 2032 ·
1313 2017 1363 2042 ET
1393 2026 1400 2034 ·
1432 2009 1618 2040 PHoent'een
1656 2008 1800 2049 optinuit

308 2148 362 2187 Ita
399 2148 600 2195 Quirinius
638 2153 726 2198 post
763 2153 938 2198 peractos
977 2146 1111 2184 ordine
1153 2144 1322 2183 minores
1363 2143 1532 2181 honores
1572 2139 1834 2191 (Ioseph.1S,
1866 2140 1907 2185 1,
1941 2139 1980 2189 1)

177 2217 393 2268 praetorius
436 2229 504 2268 pro
545 2216 703 2255 consule
736 2216 904 2267 Cyprum
945 2221 983 2253 et
1014 2215 1181 2265 Cyrenas
1220 2211 1507 2251 administravit
1538 2215 1575 2248 et
1606 2209 1643 2247 in
1676 2222 1720 2247 eo
1753 2207 1981 2259 magistratu

176 2285 425 2324 Marmaridas
465 2291 504 2323 et
535 2285 791 2323 Garamantes
832 2283 993 2322 (leniuit.
1055 2282 1197 2321 Deinde
1229 2294 1261 2319 a.
1286 2279 1365 2318 742
1405 2279 1541 2317 consul
1573 2280 1699 2316 factus
1731 2282 1801 2316 est.
1862 2276 1984 2326 Lega-

178 2360 241 2392 tns
272 2353 433 2404 Augusti
464 2366 534 2404 pro
566 2359 741 2404 praetore
776 2352 905 2404 Syriae
937 2358 974 2390 et
1004 2350 1216 2389 Phoenices
1248 2362 1279 2387 a.
1314 2349 1406 2387 751.
1438 2347 1517 2386 752
1550 2345 1912 2385 Homonadensibus
1942 2345 1982 2382 in

177 2421 319 2461 Pisidia
349 2421 459 2460 victis
491 2422 585 2460 duas
618 2421 918 2473 supplicationes
959 2425 997 2458 et
1028 2424 1255 2457 ornamenta
1289 2415 1536 2467 triumphalia
1570 2414 1722 2453 meruit.
1783 2412 1858 2450 l’ro
1890 2424 1984 2450 con-

183 2490 265 2529 sule
296 2489 424 2528 Asiam
458 2489 626 2528 obtinuit
656 2494 722 2527 aut
752 2502 784 2527 a.
808 2488 887 2526 753
921 2493 987 2526 aut
1018 2487 1147 2538 potius
1180 2498 1247 2537 per
1268 2498 1300 2524 a.
1326 2483 1566 2529 75572--7583
1597 2481 1794 2533 probabile
1815 2486 1874 2518 est
1894 2491 1983 2518 eum

178 2571 222 2597 eo
262 2558 425 2596 missum
466 2569 562 2603 esse,
596 2562 638 2595 ut
669 2556 986 2608 proconsulatum
1021 2555 1144 2593 obiret
1175 2566 1244 2605 per
1275 2567 1307 2592 a.
1331 2554 1410 2592 755
1431 2553 1454 2591 6
1487 2558 1525 2591 et
1554 2551 1592 2589 in
1624 2550 1760 2589 itinere
1783 2548 1981 2586 Tiberium

180 2626 307 2665 Rhodi
338 2626 514 2664 coluisse.
566 2624 672 2663 Circa
695 2638 727 2663 a.
755 2625 978 2662 755--757
1011 2623 1212 2661 Aemiliam
1245 2622 1426 2673 Lepidam
1461 2632 1619 2659 uxorem
1653 2617 1773 2663 duxit,
1805 2616 1866 2655 cui
1896 2628 1986 2654 mox

183 2694 387 2746 repudium
428 2693 534 2731 misit
565 2693 612 2731 ob
644 2699 799 2744 partum
833 2691 1081 2743 suppositum
1114 2690 1219 2741 (Tac.
1249 2702 1337 2728 ann.
1369 2690 1405 2735 3,
1436 2689 1502 2727 22.
1533 2688 1609 2733 2233
1655 2688 1758 2726 Suet.
1790 2684 1873 2723 Tib.
1903 2683 1985 2730 49).

186 2763 228 2801 A.
253 2762 333 2801 75ss
365 2774 435 2813 pro
466 2767 615 2799 rectore
647 2773 735 2799 cum
768 2760 808 2798 C.
831 2760 990 2798 Caesare
1027 2759 1067 2796 in
1098 2758 1279 2796 Armenia
1310 2757 1395 2796 fuit.
1438 2758 1492 2795 Ex
1523 2770 1557 2795 a.
1581 2756 1660 2794 759
1691 2754 1833 2792 iteruin
1858 2751 1988 2803 Syriae

180 2837 312 2882 egatus
350 2829 526 2881 praefuit.
586 2830 628 2867 A.
661 2829 740 2868 769
778 2828 818 2865 in
873 2827 968 2865 urbe
1008 2827 1082 2864 suit
1122 2833 1159 2864 et
1194 2838 1265 2877 per
1301 2838 1390 2864 eum
1429 2825 1477 2863 M.
1508 2825 1657 2863 Drusus
1696 2822 1789 2860 Libo
1826 2819 1988 2871 propin-

184 2911 285 2950 quus
323 2898 356 2937 ei
395 2901 478 2949 (per
517 2908 674 2936 uxorem
716 2895 922 2947 Lepidam,
962 2907 995 2932 v.
1026 2899 1120 2933 ro'm.
1153 2894 1391 2932 Menzwesen
1428 2906 1464 2944 p.
1488 2892 1567 2931 633
1601 2904 1638 2929 n.
1670 2889 1765 2937 484)
1798 2893 1988 2926 extremas

185 2980 319 3019 preces
359 2967 402 3005 ad
436 2965 647 3017 principem
682 2964 877 3003 mandavit
908 2963 1012 3011 (Tac.
1042 2975 1130 3001 aim.
1161 2961 1198 3008 2,
1228 2962 1310 3011 30).
1371 2961 1467 3000 Item
1500 2973 1531 2998 a.
1557 2960 1635 2997 773
1668 2956 1845 2996 interfuit
1874 2968 1988 2994 accu-

186 3035 325 3075 sationi
348 3034 512 3086 Lepidae
543 3033 739 3085 quondam
773 3031 903 3070 uxoris
935 3036 1093 3082 propter
1124 3029 1270 3068 crimen
1302 3029 1394 3067 illud
1428 3029 1518 3067 olim
1550 3027 1805 3066 commissum
1839 3023 1942 3072 (Tac.
1965 3024 1988 3062 l.

187 3117 241 3151 c.;
284 3105 390 3143 Suet.
413 3103 436 3141 l.
459 3102 523 3152 c.).
585 3103 710 3141 Senex
747 3114 780 3139 a.
812 3100 893 3138 774
932 3099 1032 3137 diem
1073 3097 1168 3137 obiit
1206 3103 1243 3136 et
1274 3096 1426 3148 publice
1464 3097 1586 3134 elatus
1617 3100 1675 3133 est
1705 3093 1810 3144 (Tac.
1840 3104 1928 3130 ann.
1952 3090 1989 3137 3,

1738 3160 1779 3193 12
