2227 3452
697 976 765 1024 II.
830 975 1052 1024 INDEX
1089 975 1496 1025 VERBORVM.

519 1094 567 1144 1.
624 1095 701 1143 De
739 1094 1081 1159 orthographia
1118 1094 1444 1142 commentarii
1481 1094 1659 1142 Latini.

702 1179 911 1189 ⁴x-i.-.e„-.‚„.
1016 1187 1069 1192 ,.,,..
1091 1188 1131 1192 ...ἢ
1143 1184 1372 1194 ,,.,,,,,,,,,-,-,.---

323 1225 460 1264 Sermo
482 1224 751 1264 commentarii
783 1225 1013 1264 commodus
1045 1230 1082 1263 et
1103 1225 1332 1275 perspicuus
1354 1237 1515 1276 prorsus
1547 1226 1751 1264 confirmat
1782 1231 1859 1264 tam
1892 1226 1995 1277 quod

190 1298 388 1332 auctorem
435 1293 569 1332 scribit
603 1293 814 1333 Suetonius
859 1306 890 1331 c.
922 1293 973 1332 86
1016 1299 1193 1331 secutum
1235 1306 1319 1331 esse
1359 1305 1480 1344 genus
1521 1294 1726 1344 eloquendi
1765 1294 1915 1344 elegans
1956 1300 1994 1333 et

190 1368 446 1414 temperatum
494 1362 620 1401 vitatis
665 1362 946 1400 sententiarum
993 1361 1147 1412 ineptiis
1195 1367 1309 1412 atque
1356 1361 1615 1400 concinnitate
1662 1368 1699 1400 et
1747 1363 1992 1413 praecipuam

188 1444 321 1470 curam
360 1431 516 1470 duxisse
555 1443 710 1469 sensum
760 1430 878 1468 animi
916 1443 1032 1480 quam
1071 1430 1313 1481 apertissime
1353 1429 1587 1481 exprimere,
1635 1443 1750 1481 quam
1793 1431 1896 1481 quod
1943 1431 1996 1470 ait

189 1499 335 1539 Fronto
382 1499 444 1550 (ad
474 1499 617 1538 Verum
641 1512 700 1550 ep.
728 1500 766 1547 1)
807 1511 895 1537 eum
934 1498 1152 1549 praeditum
1192 1499 1312 1537 fuisse
1357 1498 1509 1549 linguae
1557 1497 1670 1536 etiam
1713 1505 1795 1537 tum
1842 1499 1992 1549 integro

192 1568 321 1620 lepore
352 1569 481 1620 potius
521 1580 637 1618 quam
679 1566 830 1605 dicendi
863 1566 1051 1605 ubertate.
1119 1566 1203 1604 Non
1244 1566 1509 1617 pereruditum
1544 1566 1742 1605 bominem
1774 1568 1993 1618 Augustum

186 1636 305 1675 fuisse
337 1636 439 1687 quod
472 1636 524 1675 ait
554 1635 771 1674 Hadrianus
803 1634 921 1686 (apud
952 1634 1168 1673 Charisium
1204 1635 1227 1673 2
1250 1648 1286 1686 p.
1313 1634 1393 1673 209
1425 1635 1535 1679 Keil),
1569 1635 1841 1674 consuetudini
1874 1636 1994 1686 magis

189 1717 304 1756 quarn
336 1705 491 1744 lectioni
523 1717 610 1744 eum
643 1704 683 1742 in
714 1703 841 1742 verbis
872 1703 1057 1754 eligendis
1090 1703 1417 1755 obtemperavisse
1448 1703 1679 1754 signiticanS,
1711 1704 1747 1742 id
1779 1704 1995 1742 illustratur

186 1772 231 1811 iis
269 1786 366 1824 quae
396 1786 432 1824 p.
457 1773 508 1812 85
548 1773 593 1811 de
634 1771 862 1824 profligandi
900 1772 1084 1810 vocabulo
1124 1771 1425 1810 observavimus.
1487 1772 1598 1818 Quod
1637 1772 1742 1810 addit
1784 1772 1993 1812 Suetonius

184 1841 405 1891 Augustum
436 1854 561 1892 neque
593 1840 898 1892 praepositiones
932 1840 1091 1879 urbibus
1123 1841 1263 1879 addere
1296 1840 1531 1879 dubitavisse
1553 1853 1678 1892 neque
1700 1841 1992 1880 coniunctiones

184 1909 337 1961 saepius
368 1909 518 1955 iterare,
551 1909 678 1960 ipsum
710 1909 1014 1947 commentarius
1046 1921 1123 1947 non
1155 1910 1372 1955 contirmat,
1404 1909 1469 1947 sed
1493 1909 1669 1947 similiter
1690 1909 1831 1948 dicitur
1852 1923 1873 1947 v
1901 1922 1992 1949 21.23

178 1985 402 2029 perventum
432 1990 507 2016 esse
539 1978 587 2016 ad
618 1978 792 2028 oppidum
826 1976 973 2016 Nabata
1005 1983 1042 2016 et
1073 1978 1123 2016 art
1154 1978 1327 2028 oppidum
1359 1976 1526 2021 Mariba,
1559 1977 1779 2027 pariterque
1810 1977 1994 2015 scribitur

183 2059 220 2084 ιν
239 2059 272 2086 34
301 2046 354 2084 bis
385 2058 464 2084 meo
496 2048 642 2084 nomine
673 2052 705 2084 et
736 2048 887 2085 tercium
918 2048 1058 2097 nepotis
1091 2048 1164 2084 mei
1192 2047 1339 2084 uonu'ne
1371 2051 1408 2084 et
1430 2044 1619 2095 repetitur
1640 2046 1740 2083 aedis
1762 2046 1991 2084 vocabulum

182 2127 217 2152 1v
238 2127 262 2154 5.
281 2127 315 2154 24
346 2114 530 2167 patientia
562 2114 624 2152 vix
654 2114 824 2152 ferenda.
875 2114 979 2151 Albis
1013 2127 1033 2151 v
1057 2126 1104 2160 12,
1137 2113 1333 2152 Danuvius
1368 2126 1387 2151 v
1408 2126 1441 2152 47
1479 2113 1620 2164 (neque
1655 2119 1782 2152 tamen
1815 2127 1904 2152 mox
1928 2114 1992 2152 ubi

182 2183 282 2222 redit
311 2196 332 2221 v
356 2183 424 2234 48),
462 2182 601 2221 Tanais
633 2195 653 2219 v
673 2196 706 2222 53
743 2194 821 2220 non
853 2182 1106 2221 nominantur
1141 2182 1216 2220 nisi
1247 2182 1374 2220 addito
1406 2181 1579 2220 fluminis
1611 2182 1815 2229 vocabulo;
1853 2195 1992 2233 quam-

182 2264 296 2302 quam
331 2264 350 2288 v
380 2264 407 2290 Μ
441 2251 666 2302 simpliciter
697 2250 921 2289 enuntiatur
951 2251 1122 2289 Rhenus.
1184 2251 1224 2288 In
1256 2250 1522 2288 numeralibus
1555 2250 1592 2288 id
1623 2251 1725 2301 quod
1758 2257 1817 2289 est
1848 2258 1991 2290 centum

181 2320 303 2359 millia
332 2319 390 2358 ibi
427 2321 605 2371 ponitur,
647 2319 710 2358 ubi
748 2319 944 2358 omittitur
980 2319 1179 2357 communi
1224 2332 1317 2363 usu,
1355 2318 1391 2355 id
1433 2319 1534 2369 quod
1569 2318 1635 2369 qui
1667 2319 1989 2357 commentarium

182 2394 422 2440 usurparunt
452 2394 582 2439 postea
614 2388 713 2426 male
744 2387 894 2438 decepit
925 2389 973 2435 (v.
999 2401 1032 2438 p.
1057 2387 1139 2439 38).
1194 2386 1423 2438 Splendidae
1454 2387 1613 2437 originis
1637 2387 1840 2425 bomimun
1863 2387 1991 2438 potius

182 2469 296 2507 quarn
335 2457 491 2495 nomina
529 2462 768 2507 usurpantur
805 2456 1052 2506 cognomina,
1100 2456 1224 2507 qualia
1266 2461 1358 2494 sunt
1395 2455 1556 2493 Crassus
1596 2455 1782 2494 Lentulus
1824 2455 1991 2506 Lepidus

183 2525 382 2564 Marcellus
413 2524 514 2563 'Nero
546 2524 636 2562 Piso
669 2524 822 2563 Silanus
853 2524 935 2564 alia.
969 2532 1100 2563 contra
1132 2531 1191 2563 est
1222 2524 1260 2562 in
1293 2523 1517 2562 bominibus
1550 2523 1658 2561 novis
1691 2524 1747 2561 vel
1779 2523 1990 2561 nobilitatis

183 2593 314 2632 minus
346 2592 595 2644 conspicuae,
638 2598 681 2630 ut
711 2592 750 2630 in
782 2592 961 2631 Antistiis
992 2593 1215 2639 Veteribus,
1249 2591 1421 2631 Calvisiis
1454 2591 1627 2637 Sabinis,
1661 2591 1829 2629 Caniniis
1862 2591 1989 2637 Gallis,

181 2661 318 2700 Laeliis
341 2660 480 2707 BalbiS,
513 2660 702 2699 Lucretiis
733 2660 878 2704 Cinnis,
918 2660 1112 2699 Passienis
1144 2661 1264 2705 Rutis,
1303 2659 1499 2706 Quintiliis
1532 2659 1650 2705 Varis,
1685 2659 1863 2710 Sulpiciis
1895 2659 1991 2705 Qui-

180 2729 304 2776 riniis,
336 2728 475 2778 Valgiis
496 2728 617 2767 Rufis.
668 2727 882 2766 Consulum
914 2728 1019 2779 paria
1050 2729 1282 2780 plerumque
1313 2734 1515 2780 ponuntur
1545 2728 1689 2766 adiecta
1721 2728 1854 2778 copula
1883 2740 1990 2765 more

181 2795 414 2842 recentiore,
461 2795 574 2834 etiam
616 2795 683 2834 ubi
721 2796 939 2846 iunguntur
977 2796 1053 2834 duo
1092 2796 1302 2846 gentilicia,
1344 2796 1538 2835 omittitur
1575 2796 1711 2847 copula
1744 2796 1866 2834 tribus
1897 2795 1989 2834 locis

181 2877 207 2903 11
228 2875 271 2903 28.
290 2875 332 2903 38.
363 2877 398 2902 1v
419 2875 460 2902 37.
509 2863 758 2902 Iterationem
792 2865 831 2903 in
863 2863 1129 2903 consulatibus
1160 2863 1377 2902 iudicandis
1407 2864 1526 2902 semel
1558 2864 1739 2901 omissam
1769 2862 1989 2902 invenimus

181 2944 279 2971 {1128
307 2932 348 2971 in
379 2932 436 2970 Ti.
458 2931 608 2971 Nerone
639 2933 697 2971 vel
727 2933 883 2984 antique
915 2933 966 2983 (v.
990 2933 1029 2972 C.
1052 2933 1078 2970 1.
1103 2933 1145 2971 L.
1168 2932 1183 2970 Ι
1206 2945 1243 2971 n.
1274 2932 1367 2971 539.
1391 2932 1484 2971 615.
1512 2931 1609 2981 721)
1642 2931 1700 2969 vel
1729 2931 1987 2981 neglegenter.

293 3000 412 3040 Notae
446 3000 695 3052 reperiuntur
727 3003 805 3040 fere
836 3001 974 3040 nullae.
1016 3001 1112 3039 Nam
1144 3001 1222 3039 sola
1245 3000 1496 3052 praenomina
1519 3005 1743 3038 constanter
1766 2999 1990 3037 scribuntur

180 3081 249 3120 per
288 3069 398 3107 solita
437 3069 669 3120 conpendia,
711 3069 777 3108 ubi
816 3069 1015 3108 sollemnis
1055 3082 1151 3108 usus
1189 3069 1371 3108 vocabula
1410 3068 1623 3119 perscripta
1664 3067 1852 3118 repudiat.
1914 3068 1989 3106 Sed
