2227 3452
901 171 964 215 lv,
992 173 1103 206 9—11
1836 176 1889 216 83

826 358 1053 407 CAPVT
1078 358 1181 407 XX

206 489 289 515 LA‘r.
313 478 350 524 4,
373 490 388 515 9
430 476 660 528 Capitolium
711 483 750 516 et
790 477 1016 528 Pompeium
1068 477 1261 516 theatrum
1313 482 1523 527 utrumque
1573 489 1670 528 opus
1719 477 1893 528 impensa

358 558 391 584 ιο
431 545 563 597 grandi
593 545 708 584 refeci
734 544 739 597 Ι
769 545 851 584 sine
882 546 955 585 ulla
987 545 1238 597 inscriptione
1268 544 1437 583 nominis
1469 544 1557 583 mei.
1580 546 1602 591 ξ

134 626 193 652 GR.
219 614 281 661 10,
306 627 391 653 1415
430 612 741 664 Ι(απιτώλ[ιο]ν
770 613 844 652 καὶ
874 612 921 653 τὸ
957 615 1196 666 Πομπηίου
1219 614 1408 665 θέατρον
1438 610 1637 665 ἑκάτερον
1664 613 1668 663 l
1695 611 1742 652 τὸ
1777 611 1896 665 ἔργον

360 695 392 722 16
430 679 713 735 ἀναλώμασιν
732 683 953 735 μεγίστοις
980 679 1253 721 ἕπεσκεύασα
1284 679 1397 730 ἄξνευ
1419 679 1666 735 ἐπιγραφῆς
1694 681 1771 720 τοῦ
1792 679 1897 734 ἐμοῦ

424 747 649 804 ὂνόματος.
678 752 700 798 ξ

107 836 161 876 Dc
190 836 353 888 Augusti
383 836 628 876 restitutione
659 836 851 889 Capitolii,
890 836 927 875 id
958 842 1016 875 est
1055 836 1158 876 aedis
1190 836 1288 876 Iovis
1320 836 1547 888 Capitolini,
1577 842 1772 888 praeterea
1803 836 1897 875 certi

107 906 203 945 nihil
240 905 480 958 accepimus3
516 918 606 944 nam
645 906 742 944 male
780 906 855 944 huc
893 905 1041 944 rettulit
1082 905 1285 957 Zumptius
1325 906 1451 945 locum
1489 905 1621 944 Dionis
1654 906 1724 952 55,
1759 906 1800 951 1,
1834 904 1898 944 ubi

108 975 209 1014 inter
238 974 409 1027 prodigia
440 988 471 1013 a.
498 975 576 1013 745
609 987 705 1025 quae
743 974 902 1014 exitium
944 974 1218 1025 portenderent
1248 974 1372 1013 Druso
1414 975 1487 1013 hoc
1518 974 1636 1025 ponit,
1668 973 1898 1013 fulminibus

108 1043 246 1082 laesam
280 1056 362 1082 esse
394 1043 506 1081 etiam
539 1043 671 1081 aedem
704 1043 800 1082 lovis
831 1042 990 1081 Iunonis
1021 1042 1212 1082 Minervae
1243 1043 1281 1082 in
1314 1043 1510 1095 Capitolio,
1548 1055 1618 1082 nec
1649 1048 1795 1082 certum
1828 1048 1898 1089 est,

110 1124 343 1163 quamquam
368 1111 586 1158 verisimile,
609 1112 710 1162 quod
735 1111 869 1150 statuit
890 1111 1078 1150 Henricus
1096 1112 1232 1151 Iordan
1256 1113 1351 1164 (top.
1379 1113 1412 1159 1,
1435 1111 1459 1150 2
1482 1125 1518 1163 p.
1542 1111 1606 1150 28.
1630 1111 1712 1163 49),
1735 1125 1755 1150 a
1778 1111 1899 1150 Mani-

109 1181 160 1220 lio
190 1180 315 1220 verbis
345 1180 536 1232 corruptis
568 1187 605 1219 et
636 1182 796 1219 fortasse
827 1181 909 1219 loco
942 1193 1011 1218 suo
1044 1180 1160 1219 motis
1182 1182 1218 1227 ἵ),
1242 1180 1344 1219 289:
1376 1182 1603 1232 sculpenlem
1633 1182 1744 1232 saciet
1764 1182 1900 1219 sanctis

110 1250 304 1302 laquearia
339 1249 485 1300 templis
522 1250 807 1301 candentemque
845 1261 981 1288 novum
1020 1248 1163 1288 caelum
1197 1262 1267 1300 per
1298 1257 1390 1289 tecta
1421 1252 1584 1289 {citantis
1616 1249 1688 1300 (sic
1720 1249 1899 1299 Scaliger,

109 1322 246 1358 tenacis
274 1318 378 1369 libri)
401 1317 574 1369 Capitolii
605 1317 889 1357 restitutionem
923 1316 1127 1368 significari
1150 1318 1196 1356 ab
1218 1318 1390 1368 Augusto
1413 1324 1643 1369 susceptam.
1695 1317 1827 1356 Potest
1858 1330 1900 1356 ea

110 1386 242 1425 referri
279 1387 325 1425 ad
362 1398 493 1425 curam
532 1399 564 1424 a.
590 1386 669 1424 726
702 1385 752 1435 (v.
776 1398 812 1436 p.
835 1384 917 1432 So).
955 1407 1009 1412 —-
1046 1386 1148 1424 Idem
1189 1387 1289 1426 cadit
1328 1387 1366 1425 in
1401 1387 1590 1426 theatrum
1622 1386 1815 1438 Pompeii,
1855 1386 1900 1424 de

111 1469 187 1507 quo
219 1455 314 1494 dixit
330 1455 521 1494 Beckerus
542 1468 576 1506 p.
597 1455 689 1500 (375,
718 1453 948 1505 appellatum
973 1454 1157 1494 theatrum
1178 1455 1420 1506 Auyfflstwn)
1438 1455 1706 1507 Pompeianum
1727 1455 1766 1494 in
1791 1455 1900 1494 titulo

111 1524 258 1563 urbano
289 1524 328 1562 C.
350 1524 377 1562 Ι.
400 1523 442 1562 L.
464 1523 523 1568 VI,
546 1524 653 1562 9404
670 1540 726 1556 Ξ
746 1522 860 1560 Orell.
883 1521 1004 1560 4055.
1048 1522 1251 1575 Zumptius
1274 1524 1318 1563 ad
1341 1524 1377 1562 h.
1401 1524 1423 1562 Ι.
1446 1538 1515 1576 pro
1537 1524 1720 1576 Pompeio
1752 1524 1901 1563 theatro

112 1592 347 1632 substituere
393 1592 512 1631 voluit
547 1591 849 1643 Pompeianum,
897 1591 961 1629 sed
1009 1591 1136 1642 lingua
1175 1592 1306 1631 Latina
1355 1593 1499 1644 optima
1537 1599 1659 1632 aetate
1700 1592 1902 1643 gentiliciis

111 1661 348 1709 nominihus,
378 1674 465 1701 cum
498 1661 575 1700 sint
605 1660 799 1707 adiectiva,
830 1660 881 1698 ita
913 1660 1046 1706 utitur,
1079 1673 1166 1699 cum
1197 1661 1438 1712 cognomina,
1470 1675 1567 1713 quae
1599 1667 1690 1701 sunt
1720 1661 1902 1700 substan-

113 1730 198 1777 tiva,
230 1730 412 1769 adiective
444 1730 625 1778 declinet3
658 1730 758 1769 unde
789 1729 929 1768 dicitur
961 1732 1065 1768 curia
1097 1729 1214 1778 Iulia,
1257 1731 1363 1769 aedes
1394 1730 1596 1770 illecellina.
1658 1730 1901 1781 Quamquam

111 1798 268 1837 nomina
298 1812 340 1838 ea
371 1812 467 1850 quae
498 1798 739 1851 cognominis
771 1797 982 1837 deficientis
1015 1798 1114 1837 vices
1147 1798 1303 1845 faciunt,
1336 1799 1530 1850 aliquanto
1563 1798 1710 1838 facilius
1741 1799 1785 1838 ad
1809 1799 1903 1838 sub-

111 1867 266 1907 stantivi
310 1867 572 1907 condicionem
621 1868 829 1907 deflectunt
873 1874 909 1905 et
957 1873 1105 1906 mature
1150 1868 1368 1907 admittitur
1413 1881 1526 1907 causa
1573 1868 1753 1914 Curiana,
1791 1868 1903 1906 factio

112 1936 291 1983 Mariana,
311 1936 502 1975 theatrum
525 1936 813 1988 Pompeianum,
832 1935 929 1986 legio
946 1935 1173 1983 Antoniana,
1191 1936 1373 1987 quoniam
1396 1936 1583 1983 homines,
1602 1936 1702 1974 unde
1724 1936 1816 1974 haec
1838 1936 1904 1974 de-

111 2005 229 2045 rivata
258 2011 358 2053 sunt,
387 2005 626 2056 appellantur
647 2005 758 2055 vulgo
780 2004 918 2043 Curius
941 2004 1081 2043 Marius
1103 2005 1311 2056 Pompeius
1328 2005 1528 2051 Antonius,
1551 2017 1665 2056 quam
1689 2004 1904 2043 admittitur

111 2074 281 2114 Iulianus
312 2080 350 2113 et
380 2073 615 2113 Caecilianus
647 2074 692 2112 de
724 2073 945 2112 hominibus
976 2075 1042 2124 qui
1074 2073 1185 2125 vulgo
1217 2074 1398 2113 dicuntur
1429 2074 1566 2113 Caesar
1596 2080 1634 2112 et
1665 2072 1851 2112 Metellus.

144 2274 226 2300 Lm.
250 2262 286 2307 4,
310 2273 393 2300 1011
434 2260 550 2300 Rivos
581 2273 767 2312 aquarum
801 2260 1064 2313 compluribus
1095 2260 1189 2299 locis
1218 2262 1221 2312 Ι
1248 2261 1438 2300 vetustate
1468 2259 1641 2299 labentes
1672 2259 1800 2298 refeci.
1824 2259 1869 2309 [ξ]

141 2343 199 2369 on.
224 2331 286 2377 10,
312 2340 398 2383 16⁴1?
428 2325 642 2379 Ἆγωγοὺς
669 2326 867 2382 ·1‘·]dcizw[v
899 2327 944 2368 ἐν
975 2327 1211 2378 πλείΙστοις
1238 2328 1393 2376 τόποις
1423 2329 1474 2387 τῇ
1497 2325 1761 2381 παλαιότητι
1784 2324 1905 2367 ὄλισ-

366 2408 400 2436 18
441 2396 682 2449 Ιθάνον[τας
714 2393 974 2447 gustantia&
1005 2400 1095 2442 (scr.
1128 2396 1430 2447 ἓπεσκεύασα.)

117 2485 161 2523 A.
194 2484 272 2524 743
306 2491 463 2525 senatus
494 2485 712 2525 consultum
747 2486 889 2523 factum
922 2490 980 2523 est
1011 2484 1054 2523 (le
1083 2487 1175 2524 rivis
1205 2485 1370 2537 specibus
1400 2485 1608 2537 fornicibus
1638 2496 1758 2535 aquae
1790 2482 1906 2521 Iuliae

118 2553 281 2593 Marciae
311 2555 446 2606 Appiae
479 2553 637 2606 Tepulae
660 2553 810 2592 Anienis
840 2553 1045 2605 reficiendis
1174 2566 1264 2605 qnos
1292 2554 1479 2607 (mansius
1504 2554 1642 2593 Caesar
1671 2564 1708 2590 se
1737 2552 1904 2603 resectu—

117 2633 205 2660 rum
241 2624 408 2673 impensa
443 2635 513 2661 sua
549 2624 696 2661 senatui
726 2621 913 2673 pollicitus
949 2628 1000 2660 est
1039 2621 1264 2669 (Frontinus
1304 2624 1350 2661 de
1387 2623 1496 2673 aquis
1528 2636 1559 2661 c.
1595 2620 1700 2668 125).
1761 2619 1905 2658 Refecti

120 2696 211 2729 sunt
248 2689 320 2728 rivi
350 2703 382 2728 a.
406 2688 595 2742 749s750
636 2696 732 2729 teste
770 2689 882 2728 titulo
913 2689 969 2740 (C.
991 2690 1018 2728 Ι.
1042 2690 1083 2728 L.
1105 2691 1165 2737 VI,
1191 2691 1296 2730 1244
1319 2709 1375 2725 =
1399 2692 1513 2730 Orell.
1538 2692 1624 2737 51):
1656 2693 1741 2741 imp.
1768 2689 1908 2728 Caesar

120 2758 197 2797 divi
240 2757 317 2797 Iuli
351 2760 381 2809 f.
413 2758 599 2810 Auqustus
639 2759 814 2810 poniifeoe
858 2762 1051 2798 mamimus
1102 2772 1171 2799 cos,
1212 2774 1271 2798 XII
1302 2762 1475 2800 tribmiic.
1514 2765 1680 2811 potestat.
1710 2771 1781 2797 XIX
1817 2760 1906 2809 imp.

121 2839 213 2864 xm]
233 2829 336 2866 rivos
371 2839 557 2878 aquarum
595 2829 762 2865 omnium
801 2828 942 2878 refecit.
1004 2827 1197 2866 Pertinuit
1232 2828 1426 2868 restitutio
1458 2828 1502 2867 ad
1535 2840 1651 2879 aquas
1683 2832 1760 2865 tres
1792 2825 1909 2864 simul

121 2893 160 2932 in
193 2894 327 2933 urbem
366 2895 541 2934 inductas
572 2894 706 2933 Iuliam
738 2894 923 2946 Tepulam
955 2895 1157 2942 Marciam,
1194 2896 1234 2934 in
1265 2909 1429 2948 quarum
1471 2909 1561 2935 arcu
1592 2907 1698 2934 nunc
1729 2906 1907 2945 compre-

122 2961 242 3001 henso
282 2963 321 3002 in
362 2968 471 3015 porta
502 2962 704 3002 Tiburtina
746 2963 823 3002 sive
856 2964 893 3003 S.
917 2964 1114 3003 Laurentii
1154 2964 1314 3013 (Becker
1353 2979 1389 3017 p.
1414 2965 1511 3016 703)
1553 2962 1754 3014 inscriptio
1792 2963 1908 3001 modo

124 3029 240 3070 relata
278 3031 402 3070 adhuc
443 3037 637 3083 superest3
680 3032 867 3071 accedunt
902 3032 1003 3084 cippi
1040 3046 1128 3072 cum
1167 3034 1238 3072 hac
1278 3033 1548 3086 inscriptione:
1586 3032 1659 3071 Iul.
1685 3030 1765 3083 Tep.
1791 3031 1886 3071 Mar.
1898 3045 1909 3079 ‚·

126 3100 214 3150 imp.
240 3098 379 3139 Caesar
401 3101 482 3139 (livi
498 3101 529 3152 s.
552 3100 739 3152 Auquscus
760 3114 808 3141 em
828 3114 857 3140 s.
880 3114 909 3140 c.
922 3114 932 3149 ‚·
963 3114 1060 3145 xxm-
1077 3102 1159 3153 pesl.
1185 3115 1275 3141 CCXL
1297 3102 1355 3154 (C.
1373 3102 1400 3140 l.
1419 3102 1459 3141 L.
1477 3102 1536 3149 VI,
1563 3101 1668 3140 1249
1684 3119 1739 3134 =
1754 3099 1908 3140 Henzen

1650 3167 1699 3203 6*
