2430 3394
492 140 574 179 146
1268 137 1329 176 Π,
1361 138 1494 171 13ὴ-«23

487 256 577 295 Paci
609 256 724 295 stanti
756 256 905 295 taedam
938 256 1100 307 pedibus
1133 256 1291 295 calcanti
1323 263 1361 294 et
1392 256 1546 295 sinistra
1578 256 1725 295 tenenti
1756 257 1985 305 caduceum3
2017 258 2141 298 adstat
2170 259 2280 298 solita

486 325 526 363 in
557 324 617 364 his
649 325 821 363 nummis
853 324 946 363 cista
978 337 1066 363 cum
1098 330 1286 375 serpente.
1347 324 1521 373 Elogium
1555 324 1694 363 Turiae
1727 324 1781 373 (C.
1804 325 1832 363 I.
1856 325 1896 363 L.
1919 326 1978 371 vl,
2004 327 2127 378 1527)
2160 327 2282 379 scrip-

486 399 568 431 tum
602 406 632 432 c.
656 406 688 432 a.
713 392 825 432 7501)
864 392 937 431 25:
974 400 1108 444 pacato
1155 393 1240 431 orbe
1269 400 1480 443 terrarum,
1521 396 1692 433 restituta
1731 406 1772 432 re
1808 394 1968 445 publica.
2028 394 2199 446 Hyginus
2237 397 2281 435 de

485 461 596 500 limit.
620 474 655 512 p.
682 462 758 500 177
782 461 957 500 Lachm.:
991 462 1099 500 (limis
1121 461 1307 512 Augustus
1336 462 1558 513 [postquam]
1579 462 1787 513 adsvynavn
1819 462 1900 501 orbi
1929 469 2118 502 terrarum
2138 476 2279 515 pacem,

485 531 620 569 milites
651 530 796 570 colonos
825 532 923 581 fecit.
975 530 1079 569 Fasti
1108 529 1242 568 Praen.
1265 529 1310 568 ad
1338 530 1414 568 Ian.
1442 529 1489 568 13
1514 530 1571 580 (C.
1595 531 1620 568 l.
1644 529 1685 568 L.
1709 530 1724 568 Ι
1745 543 1781 581 p.
1805 529 1923 580 384):
1955 543 2097 570 corona
2127 532 2281 583 quern[a

484 602 543 637 uti
569 611 681 650 super
710 602 863 638 immam
897 600 1028 644 (lomus
1058 601 1146 649 imp.
1172 597 1356 647 Caesaris]
1380 599 1771 649 Auqustz'poner[elm·
1801 606 1952 638 senatus
1981 599 2152 646 decrevit,
2182 601 2279 652 quod

483 680 562 706 rem
590 667 790 718 publicam]
819 680 859 717 p.
883 666 926 705 R.
948 667 1173 715 7·esl[i]tm'[t].
1216 666 1375 705 Ovidius
1406 668 1492 705 fast.
1519 668 1553 714 1,
1577 666 1657 706 589
1679 667 1770 705 item
1794 667 1839 705 ad
1862 667 1939 706 Ian.
1966 667 2033 706 13:
2064 668 2280 720 redditaque

485 742 536 774 est
568 738 686 774 omnis
714 735 851 786 populo
878 737 1074 785 provincia
1104 741 1231 773 nostro
1262 742 1296 774 et
1326 742 1414 773 tuus
1443 736 1606 787 Auyusto
1635 738 1784 774 nomine
1815 736 1932 775 dictus
1962 749 2064 775 avus.
2115 736 2279 775 Velleius

484 804 521 850 2,
546 804 617 842 SD:
659 803 781 841 Finita
812 805 980 841 vicesimo
1013 814 1113 841 anno
1145 802 1241 840 bella
1273 803 1396 841 civilia
1429 803 1702 855 (705—724),
1733 804 1879 856 sepulta
1907 811 2076 851 ent-terna,
2106 811 2280 844 revocata

483 886 590 923 pau).
618 903 625 910 .
651 902 658 910 .
680 874 850 910 restituta
882 874 937 909 vis
968 871 1127 921 lembus,
1158 872 1304 910 iudiciis
1335 874 1549 917 (nictorv'tas,
1580 875 1727 912 senatui
1754 875 1938 918 maiestas,
1969 876 2167 924 imperium
2196 886 2280 912 ma-

483 945 709 993 ya'slratmim
741 941 789 978 ad
814 942 1018 990 pristinum
1046 940 1242 979 redactzmt
1274 941 1423 979 modum
1447 971 1454 978 .
1479 971 1486 979 .
1510 971 1518 979 .
1541 972 1549 979 .
1569 944 1696 992 prisca
1726 943 1792 981 illa
1823 949 1857 981 et
1888 944 2040 993 antiqua
2071 944 2130 980 rei
2151 942 2280 993 publi-

486 1023 548 1049 cae
579 1011 707 1061 forma
736 1015 921 1047 revocata.
983 1008 1037 1046 Cf.
1061 1007 1139 1045 Liv.
1162 1008 1251 1059 epit.
1278 1008 1377 1055 1343
1416 1009 1630 1048 Cassiodor.
1653 1010 1733 1048 chr.
1756 1010 1801 1048 ad
1823 1023 1855 1049 a.
1880 1011 1972 1048 727.
2032 1009 2145 1048 Vides
2175 1016 2280 1049 aeta-·

484 1079 531 1116 tis
563 1078 757 1128 Augustae
795 1082 971 1115 auctores
1003 1076 1198 1114 Romanos
1230 1077 1341 1128 plane
1380 1083 1422 1116 ut
1453 1078 1542 1117 facit
1572 1078 1653 1130 ipse
1683 1079 1881 1129 Augustus
1912 1090 1994 1117 rem
2025 1077 2076 1116 ita
2108 1090 2276 1125 narrare,

482 1146 591 1197 quasi
628 1158 714 1184 vere
756 1151 837 1184 tum
878 1157 959 1183 rem
998 1144 1191 1196 publicam
1224 1145 1451 1193 reddiderim
1491 1147 1596 1186 solus
1636 1147 1798 1194 Strabo,
1841 1146 1982 1198 quippe
2020 1146 2086 1197 qui
2124 1147 2277 1186 Graecis

481 1214 647 1253 maxime
687 1213 892 1259 scriberet,
934 1213 1090 1252 liberius
1129 1214 1182 1252 sic
1214 1215 1390 1253 enuntiat
1420 1228 1497 1253 non
1540 1228 1671 1254 rerum
1714 1215 1902 1267 speciem,
1942 1215 2007 1253 sed
2038 1215 2160 1266 ipsam
2192 1228 2275 1254 rem

482 1284 569 1334 (17.
600 1282 642 1327 3,
672 1282 722 1320 25
752 1295 788 1334 p.
812 1281 928 1332 840):
975 1277 996 1334 ἡ
1029 1282 1185 1334 πανρῐς
1225 1281 1466 1335 ἐπέτρεψεν
1502 1279 1616 1336 αι”τῷ
1650 1284 1857 1335 (Augusto)
1895 1283 1971 1336 τὴν
2002 1285 2278 1336 προστασίαν

480 1365 552 1403 της
585 1347 814 1403 ἡγεμονίας
845 1350 914 1389 καὶ
950 1348 1145 1402 πολέμου
1178 1350 1247 1389 καὶ
1283 1347 1452 1404 εἰρήνης
1483 1352 1664 1404 κατέστη
1697 1350 1842 1403 κύριος
1874 1350 1950 1391 διὰ
1977 1352 2091 1403 βίον.
2140 1352 2276 1403 Atqui

478 1424 610 1470 postea
648 1418 905 1471 scripserunt,
947 1424 1098 1470 praeter
1129 1419 1324 1466 Tacitum,
1366 1421 1411 1459 de
1447 1433 1523 1471 quo
1560 1420 1657 1459 infra
1697 1420 1932 1467 videbimus,
1973 1426 2124 1459 tantum
2156 1420 2275 1467 abest,

480 1494 521 1526 ut
551 1487 597 1526 ab
628 1500 672 1526 eo
703 1500 801 1526 anno
832 1487 1048 1526 libertatem
1081 1488 1213 1539 populi
1234 1488 1398 1527 Romani
1430 1490 1555 1528 denuo
1587 1489 1758 1540 coepisse
1791 1495 1974 1536 statuant,
2006 1496 2049 1528 ut
2079 1489 2167 1528 111116
2188 1502 2276 1541 reg-

478 1568 570 1594 num
605 1562 842 1608 computent.
888 1554 958 1596 Ἑκ
992 1555 1159 1605 τούτου,
1191 1557 1259 1596 Dio
1290 1557 1341 1597 ait
1373 1557 1456 1609 (52,
1483 1558 1534 1609 1)
1566 1559 1889 1610 μοναρχεῖσθαι
1923 1553 2057 1604 αὖθις
2089 1555 2276 1610 ἀκριβῶς

478 1621 674 1676 ἤρξαντο.
736 1625 942 1664 Suetonius
976 1626 1085 1676 (Aug.
1110 1625 1198 1675 2S):
1232 1626 1274 1665 de
1303 1627 1494 1666 reddenda
1524 1638 1564 1665 re
1590 1626 1762 1677 publica,
1794 1626 1939 1677 inquit,
1973 1629 2144 1677 cogitavit
2167 1657 2175 1664 .
2200 1657 2207 1665 .
2233 1658 2240 1664 .
2266 1657 2274 1665 .

472 1700 556 1743 post
588 1705 803 1744 oppressum
833 1697 957 1734 statim
987 1695 1209 1741 Aietom'mn,
1242 1708 1384 1734 memor
1415 1696 1592 1735 obiectum
1621 1696 1693 1734 sibi
1721 1695 1765 1733 ab
1797 1706 1838 1733 eo
1869 1697 2034 1746 saepius,
2073 1697 2182 1746 quasi
2204 1707 2276 1746 per

475 1763 596 1811 ipsum
632 1769 747 1800 staret
784 1775 830 1801 ¹ne
864 1762 1086 1801 redderetur
1110 1794 1116 1801 .
1141 1793 1148 1801 .
1173 1794 1179 1801 .
1203 1764 1265 1801 sed
1302 1771 1483 1815 reputans
1523 1771 1556 1802 et
1595 1776 1630 1803 se
1664 1766 1856 1815 privatum
1888 1775 1962 1802 non*
1992 1766 2072 1802 sine
2110 1763 2274 1815 periculo

474 1830 559 1879 fore
590 1838 622 1868 et
651 1830 759 1869 illam
783 1831 955 1882 plurimu
987 1832 1144 1870 arbitrio
1184 1839 1317 1871 temere
1348 1834 1544 1877 committi,
1586 1835 1622 1870 in
1652 1831 1848 1870 retinenda
1873 1834 2141 1882 perseveravit.
2201 1831 2275 1870 Ubi

477 1898 640 1949 scriptor
671 1900 894 1950 ceteroquin
926 1900 1099 1951 diligens,
1132 1900 1198 1939 5611
1229 1900 1268 1938 111
1302 1901 1474 1940 111111111115
1497 1902 1674 1946 maxime,
1707 1900 1745 1938 in
1778 1906 1983 1951 utramque
2015 1906 2163 1952 partem
2187 1913 2273 1952 gra—

476 1966 572 2004 viter
602 1974 750 2018 peccat:
788 1981 876 2007 nam
917 1969 963 2007 de
1003 1968 1083 2020 ipsa
1115 1969 1151 2007 vi
1189 1975 1227 2008 et
1258 1976 1447 2020 potestate
1478 1969 1631 2021 imperii
1663 1968 1888 2021 deponenda
1921 1968 2058 2007 Caesar
2088 1981 2138 2007 ne
2169 1969 2274 2020 cogi-

477 2034 569 2072 tavit
607 2035 785 2085 quidem,
826 2037 870 2075 de
911 2037 1103 2076 reddenda
1146 2038 1446 2077 extraordinaria
1484 2043 1673 2089 potestate
1704 2050 1782 2076 non
1814 2037 1939 2076 solum
1971 2037 2168 2088 cogitavit,
2207 2038 2274 2076 sed

475 2116 557 2141 eam
601 2116 686 2142 vere
725 2106 866 2156 populo
903 2106 1090 2153 reddidit,
1130 2113 1336 2145 contentus
1375 2119 1418 2145 ex
1457 2119 1500 2144 eo
1538 2104 1839 2157 inde'tempore
1881 2106 2169 2156 magistratibus
2201 2106 2273 2145 sibi

477 2171 612 2210 delatis
643 2179 681 2211 et
712 2180 906 2223 praeterea
939 2174 1125 2226 principis
1157 2175 1389 2225 dignatione.
1440 2174 1517 2213 Nec
1548 2174 1671 2213 multo
1703 2174 1841 2213 melius
1863 2174 1932 2212 Dio
1963 2180 2051 2225 post
2071 2174 2269 2213 victoriam

475 2241 667 2279 Actiacam
701 2243 900 2281 Caesarem
941 2243 1089 2281 inducit
1120 2243 1395 2282 deliberantem
1436 2243 1481 2281 de
1521 2245 1644 2282 forma
1684 2243 1740 2281 rei
1770 2242 1944 2294 publicae
1981 2242 2272 2282 constituendae

474 2322 639 2360 cumque
679 2311 843 2362 Agrippa
887 2324 1040 2350 causam
1080 2317 1233 2351 tueatur
1272 2312 1411 2351 liberae
1451 2311 1506 2350 rei
1543 2311 1736 2363 publicae,
1777 2311 1973 2350 Maecenas
2016 2311 2146 2362 regni,
2183 2311 2273 2350 huic

475 2390 562 2415 eum
605 2378 695 2416 facit
732 2378 1028 2425 adsentientem3
1069 2380 1204 2419 deinde
1245 2380 1283 2418 in
1316 2380 1472 2419 biennio
1503 2394 1534 2419 a.
1560 2380 1652 2419 726.
1677 2380 1755 2418 727
1787 2380 2002 2419 enarrando
2035 2380 2154 2419 11111113
2186 2379 2273 2431 qui-

473 2446 559 2484 dem
592 2446 720 2497 ponit,
763 2460 857 2497 quae
890 2461 976 2486 vere
1008 2448 1203 2499 pertinent
1233 2449 1276 2487 ad
1310 2462 1392 2488 rem
1424 2448 1615 2500 publicam
1648 2448 1856 2492 redditam,
1896 2449 1961 2487 sed
1992 2461 2184 2487 summam
2217 2448 2272 2487 rei

473 2528 517 2553 eo
556 2515 749 2554 concludit
780 2516 977 2555 Caesarem
1018 2523 1216 2556 exoratum
1257 2530 1277 2555 a
1317 2523 1452 2556 senatu
1492 2529 1572 2555 rem
1613 2517 1805 2568 publicam
1844 2517 2050 2556 retinuisse
2082 2517 2164 2569 (53,
2190 2518 2269 2568 11).

473 2583 567 2622 Vere
607 2596 668 2622 res
700 2583 752 2622 ita
784 2591 933 2635 peracta
965 2591 1034 2624 est.
1091 2586 1157 2624 Rei
1190 2586 1363 2637 publicae
1394 2585 1686 2624 constituendae
1717 2592 1888 2637 potestas
1921 2585 2071 2624 Caesari
2101 2585 2269 2636 primum

472 2652 659 2702 permissa
690 2658 748 2691 est
778 2665 809 2690 a.
835 2653 910 2690 711
946 2653 1025 2704 lege
1057 2654 1154 2692 Titia
1186 2654 1225 2692 111
1256 2654 1580 2705 quinquennium,
1614 2653 1750 2692 deinde
1782 2655 2004 2693 continuata
2033 2654 2074 2692 in
2104 2654 2267 2693 alterum

472 2720 778 2771 quinquennium
813 2721 870 2759 vel
901 2723 1032 2772 potius
1064 2722 1146 2760 sine
1178 2722 1345 2761 termino
1377 2729 1481 2762 certo
1503 2723 1584 2774 lege
1609 2723 1653 2761 de
1675 2735 1718 2761 ea
1739 2735 1780 2760 ra
1801 2722 1906 2761 nulla
1927 2723 2001 2761 lata
2022 2728 2111 2774 post
2131 2735 2163 2761 3.
2189 2723 2264 2760 711

473 2789 647 2840 (Appian.
671 2788 707 2826 b.
730 2802 761 2827 c.
786 2790 829 2835 5,
853 2790 942 2840 95);
974 2791 1077 2840 quod
1109 2803 1185 2841 quo
1208 2791 1291 2829 iure
1314 2794 1455 2829 factum
1481 2803 1564 2829 esse
1585 2790 1771 2834 videatur,
1804 2791 1892 2829 alibi
1915 2791 2087 2842 quaesivi
2107 2791 2268 2836 (Staats-

470 2858 570 2896 recht
605 2859 638 2900 1,
673 2858 782 2905 671).
843 2857 975 2908 'Neque
1016 2859 1179 2898 obscure
1210 2859 1399 2910 significat
1428 2859 1625 2909 Augustus
1655 2859 1695 2897 111
1726 2859 2005 2899 60111111611131·10
2037 2865 2266 2911 potestatem

470 2925 573 2963 illam
608 2926 951 2965 extraordinariam
982 2940 1061 2965 non
1087 2928 1167 2978 lege
1199 2941 1239 2967 se
1271 2927 1495 2973 obtinuisse,
1528 2928 1595 2965 sed
1625 2940 1756 2966 rerum
1789 2927 1963 2967 omnium
1994 2928 2161 2980 potitum
2183 2940 2266 2966 esse

466 3006 536 3044 per
568 3008 782 3034 consensum
816 2998 1087 3041 wu‘eersorum,
1121 2997 1219 3042 sive,
1263 3002 1305 3035 ut
1343 3001 1445 3035 recte
1486 2995 1599 3034 vertit
1635 2995 1846 3047 interpres,
1884 2994 1992 3035 κατα
2028 2995 2105 3042 τὰς
2142 2991 2267 3046 εὖχας

472 3063 555 3100 τῶν
585 3061 700 3115 ἐμῶν
730 3061 953 3102 πολειτῶν.
1013 3063 1109 3102 Nam
1141 3064 1207 3115 qui
1238 3064 1498 3112 consentiunt,
1529 3076 1607 3103 non
1639 3064 1862 3111 decernunt,
1895 3065 1958 3104 sed
1990 3064 2153 3116 probant
2182 3064 2265 3103 lau-
