2227 3452
949 126 978 167 1,
1005 125 1143 159 22—24
1884 129 1935 168 21

152 244 274 285 maior
309 246 344 284 ei
381 244 580 296 obtigerat.
639 244 738 283 Eum
777 250 906 284 autem
945 257 1154 284 numerum
1190 244 1303 283 nobis
1339 256 1418 282 non
1449 244 1580 283 datum
1612 252 1672 285 est
1700 258 1940 298 recuperare,

151 326 222 353 nec
260 320 409 353 certum
448 326 537 353 eum
574 314 613 352 in
650 313 775 353 indice
812 313 1057 352 enuntiatum
1088 313 1219 352 fuisse.
1279 312 1384 358 Quae
1415 321 1688 353 remanserunt
1717 315 1831 354 verba
1861 327 1939 354 non

150 382 201 422 ita
237 382 449 434 supplenda
487 395 588 428 esse,
628 388 673 421 ut
708 382 833 421 adhuc
867 383 945 420 fere
977 381 1246 433 explebantur:
1277 382 1324 431 [et
1353 381 1610 420 tantummodo
1642 384 1807 433 lambis,
1845 384 1941 435 lapis

151 451 281 490 docuit
317 452 533 490 accuratius
570 451 790 502 inspectus3
829 462 919 488 nam
960 456 1048 501 post
1087 450 1253 501 spatium
1292 449 1429 488 litteris
1469 462 1631 488 vacuum
1671 451 1845 501 sequitur
1876 449 1934 495 xJv

150 519 348 558 residuum
381 533 426 558 ex
456 519 582 558 littera
614 533 623 557 1
657 519 713 557 vel
744 532 762 557 L
794 519 851 557 vel
882 531 920 562 H,
952 531 1027 556 non
1052 531 1096 556 ex
1119 531 1201 557 err
1214 531 1253 563 N,
1286 517 1423 556 deinde
1444 524 1531 569 post
1553 517 1700 557 hiatum
1725 519 1940 559 litterarum

150 588 350 627 duodecim
383 601 699 628 Vs·DEPOSV1.
754 586 854 625 Haec
886 586 1036 625 diverso
1067 585 1181 624 modo
1213 585 1356 636 expleri
1387 592 1590 638 poterunt,
1627 587 1791 638 exempli
1828 600 1942 628 causa

148 658 251 707 i[tem
288 669 396 708 saepe
435 657 580 707 laur]us
615 656 673 695 vel
708 657 758 706 z'[s
793 667 840 694 ew
881 655 984 694 bellis
1021 654 1185 704 laur]us;
1224 654 1297 693 hoc
1334 654 1365 693 si
1396 667 1528 693 verum
1562 661 1631 701 est,
1663 656 1859 706 Augustus
1891 656 1944 695 ait

150 739 193 765 eo
224 726 371 765 honore
402 732 484 765 tum
518 731 668 764 tantum
701 737 741 764 se
772 735 883 762 usum
917 736 1012 769 esse,
1044 736 1132 762 cum
1166 722 1363 775 triumpho
1395 723 1548 762 decreto
1576 724 1631 762 uti
1662 724 1792 763 nollet.
1844 725 1942 764 Ante

148 797 189 833 in
227 794 407 846 Capitolio
450 794 713 833 interstitium
746 791 917 831 cernitur
952 797 991 830 et
1028 791 1192 842 virgula,
1245 797 1288 830 ut.
1326 804 1369 831 ea
1407 792 1522 831 verba
1563 804 1650 831 cum
1693 792 1944 843 sequentibus

148 862 307 914 iungere
345 875 546 913 cogamur,
596 862 670 901 nisi
714 863 811 900 forte
848 860 1011 912 placebit
1049 873 1136 899 cum
1178 860 1340 911 Bergkio
1378 859 1545 910 cogitare
1585 860 1630 899 de
1666 860 1774 911 lapsu
1806 860 1942 899 fabrili.

149 954 202 959 —
225 931 457 971 Graecorum
490 931 671 982 reliquiae
702 929 857 981 exiguae
889 929 949 967 vix
981 929 1095 968 ullam
1130 928 1333 967 utilitatem
1358 929 1520 974 habent;
1551 929 1653 980 quod
1675 929 1813 980 legitur
1832 942 1867 967 V.
1893 929 1942 967 12

149 1006 257 1046 extr.,
280 1006 407 1051 potest
427 999 545 1038 fuisse
571 998 629 1050 [ἐκ
650 993 815 1038 τούτων
842 998 926 1038 τῶν
955 997 1171 1049 πολέμ]ων
1199 996 1274 1049 τήν
1292 994 1507 1049 [δάφνηνῂ
1537 1010 1570 1035 ν.
1596 997 1645 1036 13
1669 1004 1763 1036 extr.
1786 1010 1943 1036 reman-

149 1069 198 1107 sit
228 1067 328 1119 [τεῆς
358 1062 496 1117 εἶ’χοές.
1091 1067 1098 1071 ’

280 1136 522 1186 Quamquam
561 1137 606 1175 ad
644 1135 781 1174 indicis
814 1135 926 1174 verba
957 1141 1059 1174 recte
1091 1134 1309 1186 accipienda
1342 1133 1379 1172 id
1418 1147 1496 1173 non
1537 1134 1715 1186 pertinet,
1756 1147 1833 1174 non
1875 1135 1942 1174 abs

148 1218 190 1244 re
221 1205 293 1244 erit
323 1217 518 1256 quaerere,
550 1205 612 1255 qui
644 1210 794 1256 praeter
824 1203 1038 1255 principem
1072 1215 1114 1242 ea
1145 1210 1266 1241 aetate
1297 1203 1489 1242 consulari
1521 1202 1759 1254 praetoriove
1780 1203 1943 1254 imperio

148 1273 366 1317 utebantur,
398 1278 528 1311 utrum
561 1271 605 1310 ad
640 1279 814 1311 votorum
847 1271 1175 1323 nuncupationem
1209 1272 1465 1322 lictorumque
1496 1272 1542 1310 ad
1579 1279 1726 1323 portam
1757 1272 1943 1324 adsump-

150 1341 294 1380 tionem
329 1340 566 1391 egredientes
597 1340 754 1379 admissi
786 1340 864 1379 sint
895 1341 1063 1391 itemque
1094 1341 1354 1391 regredientes
1382 1341 1425 1378 ad
1451 1347 1627 1379 votorum
1651 1341 1881 1379 solutionem
1906 1346 1945 1379 et

146 1409 278 1448 laurus
328 1408 622 1460 depositionem.
699 1408 745 1447 Et
794 1409 1046 1460 proconsules
1099 1409 1253 1459 quidem
1300 1409 1444 1448 iustum
1491 1409 1697 1460 imperium
1745 1409 1942 1456 babentes,

146 1478 312 1517 maxime
351 1477 390 1516 in
428 1477 592 1516 Africam
632 1477 697 1529 qui
735 1478 989 1516 mittebantur
1025 1485 1111 1516 ante
1145 1478 1304 1523 Gaium,
1345 1478 1425 1516 sine
1466 1477 1581 1516 dubio
1621 1477 1657 1515 in
1698 1477 1757 1516 his
1789 1490 1943 1528 quoque

146 1547 347 1598 antiquum
379 1546 439 1585 ius
472 1546 727 1585 retinuerunt.
779 1546 928 1598 Reliqui
960 1547 1209 1598 proconsules
1242 1554 1281 1585 ut
1305 1546 1427 1597 gladio
1450 1545 1694 1597 (Staatsreclzt
1719 1544 1764 1583 1²
1785 1559 1821 1597 p.
1845 1546 1943 1596 419)

145 1615 197 1654 ita
229 1628 273 1654 eo
303 1628 456 1667 quoque
489 1614 608 1666 magis
640 1615 817 1653 videntur
839 1615 1019 1654 caruisse.
1063 1615 1192 1667 Legati
1215 1615 1459 1667 imperatoris
1482 1628 1568 1653 cuin
1594 1615 1800 1666 imperium
1824 1615 1943 1653 babe-

147 1690 232 1724 rent
269 1696 338 1736 pro
379 1690 554 1735 praetore
593 1683 837 1733 (Scaatsrecht
859 1684 881 1722 2
914 1684 1083 1736 1³:234),
1117 1698 1184 1736 per
1216 1698 1254 1723 se
1286 1685 1331 1723 ad
1364 1684 1475 1722 hasce
1508 1683 1760 1722 caerimonias
1790 1683 1942 1723 admitti

145 1758 367 1804 potuerunt,
401 1764 524 1803 neque
556 1751 644 1790 inde
675 1753 775 1803 quod
808 1752 1051 1804 imperatoria
1083 1758 1203 1791 aetate
1236 1752 1282 1791 ab
1314 1753 1395 1803 ipso
1420 1753 1617 1804 triumpho
1639 1752 1945 1804 prohibebantur

146 1821 186 1871 (l.
210 1821 284 1859 c.1
320 1833 356 1872 p.
392 1820 510 1869 127).
551 1821 766 1859 necessario
804 1821 979 1872 sequitur
1018 1820 1131 1859 etiarn
1167 1821 1333 1860 minores
1366 1821 1436 1859 hos
1468 1822 1635 1860 bonores
1667 1821 1712 1859 iis
1743 1821 1944 1872 ademptos

146 1901 241 1928 esse.
301 1889 348 1927 Et
371 1889 579 1928 Suetonius
611 1889 765 1940 quidem
789 1890 891 1941 quod
915 1889 1047 1928 scribit
1070 1891 1163 1940 Aug.
1188 1889 1262 1927 29:
1294 1893 1422 1928 sanxit
1445 1889 1689 1940 (Augustus),
1712 1897 1751 1928 ut
1773 1890 1814 1928 de
1838 1889 1942 1929 bellis

146 1958 413 2009 triumphisque
444 1958 500 1996 hic
533 1958 587 2005 (in
611 1958 701 1996 aede
724 1958 854 1996 Martis
878 1957 1038 2007 Ultoris)
1062 1958 1319 1997 consuleretur
1341 1966 1500 2003 senatus,
1530 1961 1743 2009 provincias
1765 1971 1848 1997 cum
1871 1961 1941 1996 im-

143 2029 250 2078 perio
277 2028 435 2077 petituri
453 2026 536 2065 hinc
559 2027 832 2065 deducerentur
853 2029 981 2078 quique
1005 2030 1156 2066 m'ctores
1179 2027 1366 2071 redissem,
1398 2027 1467 2065 hur
1490 2029 1647 2078 insi‘ynia
1668 2027 1945 2077 triumphorum

147 2095 364 2146 conferrent
395 2101 432 2133 et
453 2094 677 2146 explicatius
701 2094 769 2133 Dio
801 2096 865 2141 55,
895 2095 940 2133 10
972 2094 1073 2133 inter
1102 2095 1293 2146 privilegia
1325 2095 1447 2133 eidem
1481 2095 1561 2134 aedi
1593 2108 1625 2133 a.
1650 2094 1729 2133 752
1761 2094 1944 2133 attributa

145 2175 350 2201 recensens
381 2161 479 2208 τοὺς
510 2161 582 2202 ἐπὶ
618 2161 691 2209 τὰς
723 2160 856 2214 ἀρχάς
888 2162 961 2209 τὰς
983 2159 1196 2216 ἕκδήμους
1219 2160 1526 2216 στελλομένοις
1548 2161 1723 2202 ἐκεῖθεν
1744 2158 1945 2216 ἀφορμᾶ-

146 2232 258 2271 σθαι
290 2229 365 2277 τάς
398 2246 438 2269 ιε
468 2228 638 2282 γνώμας
672 2230 743 2278 τὰς
774 2231 874 2282 πεερὶΥ
910 2233 988 2270 τῶν
1020 2233 1277 2284 νικητηρίων
1308 2230 1396 2271 ἐκεῖ
1426 2231 1501 2285 τὴν
1522 2229 1681 2285 βουλην
1704 2232 1944 2271 ποιεῖσθαι

146 2298 218 2338 καὶ
256 2298 356 2357 τοὺς
392 2295 654 2353 πέμψαντας
701 2296 811 2339 αἶ’-ιὰ
855 2300 911 2350 τῷ
935 2297 1064 2352 ’Ἄρει
1112 2297 1246 2353 τούτῳ
1295 2299 1366 2339 καὶ,
1412 2299 1458 2338 τὸ
1498 2300 1716 2352 σκῆπτρον
1755 2299 1829 2337 καὶ
1871 2298 1945 2338 τὸν

146 2369 362 2421 στέφανον
399 2364 661 2408 ἀνατιθέναι
700 2366 772 2407 καὶ
813 2365 1002 2413 ἐκείνους
1042 2382 1084 2406 τε
1122 2366 1193 2406 καὶ
1234 2367 1331 2415 τοὺς
1368 2365 1526 2414 ἄλλους
1562 2367 1663 2414 τοὺς
1693 2364 1769 2414 τὰς
1800 2366 1944 2407 ἐπινι-

146 2438 266 2483 κίους
303 2435 429 2489 τιμὰς
471 2434 771 2489 λαμβάνοντας
810 2435 854 2475 ἐν
890 2436 940 2490 τῇ
971 2431 1109 2488 ἀγορᾷ
1138 2434 1322 2486 χαλκοῦς
1355 2436 1581 2481 ἵστασθαι,
1614 2435 1749 2474 suadet
1781 2448 1871 2474 sane
1902 2442 1946 2475 ut

146 2511 362 2544 statuamus
392 2505 505 2544 etiam
538 2506 681 2556 legatos
712 2504 957 2556 imperatoris
990 2505 1035 2543 ad
1068 2518 1132 2543 eos
1164 2505 1331 2544 honores
1363 2503 1553 2543 admissos
1575 2516 1678 2550 esse;
1710 2510 1819 2542 erant
1840 2503 1943 2542 enim

146 2574 228 2613 sine
261 2574 376 2612 dubio
398 2586 485 2612 cum
509 2574 670 2626 imperio
692 2581 729 2612 et
751 2580 853 2612 recte
885 2580 971 2612 vota
1003 2587 1073 2613 suo
1104 2574 1261 2613 nomine
1292 2585 1518 2624 nuncupare
1549 2579 1726 2623 poterant
1747 2574 1945 2623 fascesque

145 2643 191 2682 ad
222 2649 373 2694 portam
407 2655 572 2681 sumere.
617 2643 690 2682 Sed
713 2642 840 2681 obstat
871 2642 1067 2681 silentium
1100 2649 1303 2681 auctorum
1338 2643 1383 2681 de
1414 2641 1604 2680 eiusmodi
1635 2641 1886 2679 sollemnibus
1908 2647 1946 2680 et

145 2711 356 2750 abhorrent
394 2700 552 2749 omnino
588 2711 634 2750 ab
674 2711 756 2750 eius
795 2710 928 2749 aetatis
966 2710 1104 2761 spiritu
1136 2716 1222 2749 vota
1252 2710 1303 2749 ita
1335 2724 1355 2749 a
1387 2710 1532 2762 privato
1566 2716 1765 2761 suscepta;
1798 2715 1946 2761 potest-

146 2792 221 2831 que
258 2779 341 2818 fieri
382 2786 425 2818 ut
462 2780 588 2831 ipsum
627 2780 720 2818 illud
753 2779 797 2817 de
828 2779 918 2817 aede
950 2778 1080 2817 Martis
1113 2786 1270 2817 senatus
1302 2779 1523 2818 consultum
1555 2778 1600 2817 ad
1632 2791 1697 2817 eos
1729 2779 1830 2817 solos
1863 2791 1946 2816 ma-

147 2848 330 2899 gistratus
361 2848 601 2899 pertinuerit,
634 2848 773 2899 quibus
804 2859 844 2885 re
875 2847 971 2885 bene
1003 2854 1106 2897 gesta
1144 2847 1205 2885 ius
1243 2854 1346 2886 esset
1376 2848 1413 2886 in
1448 2847 1703 2898 triumphum.
1764 2846 1945 2885 Ceterum

147 2916 248 2968 quod
280 2928 433 2962 corona,
466 2928 507 2954 ea
539 2915 683 2954 scilicet
714 2928 809 2966 quae
842 2927 958 2966 super
989 2922 1103 2967 caput
1133 2916 1410 2967 triumphantis
1443 2915 1725 2960 sustinebatur,
1758 2921 1796 2954 et
1827 2915 1945 2965 scipio

148 2984 341 3023 eburneus
372 2984 485 3023 Marti
506 2990 792 3029 consecrantur,
824 2996 902 3022 non
924 2983 1096 3035 impedit,
1128 2984 1339 3036 quominus
1362 2985 1401 3024 iu
1425 2985 1590 3037 palmam
1613 2990 1652 3023 et
1673 2983 1770 3022 lauri
1791 2995 1944 3022 ramum

147 3052 227 3091 Iovi
258 3051 470 3104 Capitolino
501 3052 705 3104 antiquum
736 3052 796 3092 ius
829 3052 1025 3092 manserit.
