2227 3452
912 154 980 196 III,
1007 155 1146 189 35—39
1878 156 1930 196 75

139 277 266 316 buisse
305 275 455 315 nummi
499 275 580 314 eius
617 274 873 323 declarant¹);
909 274 1047 313 Caesar
1085 279 1214 312 autem
1255 285 1344 312 cum
1382 274 1427 312 ad
1459 273 1613 312 Actium
1651 273 1785 324 quinta
1824 268 1932 325 parte

138 346 335 398 copiarum
367 344 528 383 inferior
565 351 667 383 esset
697 343 907 392 (Plutarch.
930 343 1070 381 Anton.
1094 342 1162 386 61]
1195 353 1321 392 neque
1357 340 1446 379 alibi
1485 353 1530 379 eo
1572 347 1744 393 tempore
1782 341 1930 380 iustum

138 413 351 453 exercitum
382 412 552 458 haberet,
583 411 748 463 amplius
779 411 913 462 viginti
944 412 1116 462 quinque
1146 410 1316 461 legiones
1350 416 1431 448 tum
1465 409 1645 448 habuisse
1667 422 1746 448 non
1767 410 1930 456 videtur,

137 482 182 521 ad
213 494 307 532 quas
339 493 427 520 cum
460 488 547 532 post
577 480 775 520 victoriam
807 478 1060 519 accessissent
1091 478 1339 523 Antonianae,
1371 490 1508 517 rursus
1530 477 1697 529 praefuit
1716 477 1930 528 legionibus

137 550 289 590 circiter
319 550 608 601 quinquaginta.
668 549 747 588 Iam
780 561 868 587 vero
900 561 991 600 pace
1030 554 1131 586 terra
1172 546 1346 597 marique
1386 552 1494 598 parta
1545 545 1696 598 publice
1736 548 1934 597 professus

139 619 368 658 suffecturas
404 618 566 669 imperio
606 617 776 668 legiones
808 629 916 662 xviii,
965 615 1170 655 duodecim
1215 615 1360 667 primas
1409 627 1508 666 quas
1553 615 1718 654 habebat
1762 614 1933 661 retinuit,

136 688 304 738 reliquas
350 700 368 725 a
418 686 527 726 tertia
574 686 720 725 decima
765 685 853 724 inde
906 685 1180 724 exauctoravit.
1255 683 1431 723 Retinuit
1481 689 1676 735 praeterea
1725 695 1770 721 ex
1818 682 1933 734 Lepi-

137 756 259 796 dianis
290 755 565 794 Antonianisve
597 768 661 793 sex
692 755 783 794 alias
815 755 887 793 sub
919 754 1092 793 numeris
1124 753 1307 804 antiquis,
1339 752 1405 803 qui
1437 752 1579 804 pariter
1614 751 1713 790 infra
1749 750 1932 791 duodeci-

138 825 301 864 marium
335 830 477 863 essent.
510 837 587 862 non
622 830 699 862 tani
731 824 868 875 opinor
898 836 945 862 ne
978 823 1145 861 militum
1188 821 1268 861 suis
1308 820 1483 860 numeris
1520 821 1771 860 adsuetorum
1812 818 1932 858 animi

137 893 326 933 eiusmodi
358 892 572 931 mutatione
610 892 947 932 conturbarentur.
987 904 1103 942 quam
1142 897 1185 929 ut
1223 890 1335 940 vulgo
1373 902 1504 928 rerum
1546 901 1684 941 parum
1725 888 1849 940 perito
1885 900 1933 926 ne

137 964 223 1014 plus
248 961 448 1001 duodecim
471 961 641 1012 legiones
672 960 813 999 habere
849 961 1061 1000 videretur.
1102 972 1189 998 cum
1230 959 1388 997 liaberet
1426 957 1699 1009 duodeviginti.
1767 957 1824 996 Ne
1860 957 1934 996 hoc

137 1031 292 1082 quidem
332 1029 585 1080 improbabile
626 1029 728 1079 quod
771 1030 963 1079 suggessit
1002 1029 1260 1072 Bormaunus,
1299 1027 1466 1077 aliquam
1510 1039 1618 1078 spem
1649 1039 1739 1065 eum
1784 1025 1932 1065 civibus

139 1099 276 1139 fecisse
306 1098 510 1149 aliquando
541 1097 710 1149 legiones
742 1098 945 1138 duodecim
978 1098 1050 1137 sibi
1082 1098 1309 1136 suffecturas
1340 1109 1424 1135 esse
1455 1102 1493 1135 et
1524 1095 1736 1147 geminatas
1758 1094 1928 1141 retineri,

138 1175 180 1208 ut
223 1174 355 1220 postea
400 1173 754 1206 exauctorarentur.
801 1191 854 1194 —
900 1166 1016 1206 Auxit
1068 1172 1197 1205 autem
1250 1165 1318 1203 has
1373 1171 1461 1217 post
1505 1177 1627 1204 annos
1678 1163 1849 1216 quinque
1895 1169 1934 1202 et

137 1237 293 1288 triginta
324 1249 393 1288 per
423 1236 566 1275 bellum
600 1236 872 1275 Germanicum
912 1243 950 1273 et
982 1234 1249 1273 Pannonicum
1281 1247 1314 1273 a.
1338 1235 1418 1273 759
1450 1241 1536 1273 octo
1572 1233 1682 1273 novis
1718 1232 1932 1284 legionibus

136 1305 382 1357 conscriptis,
430 1312 472 1343 ut
519 1306 653 1343 tierent
698 1304 833 1355 viginti
879 1317 965 1349 sex3
1012 1316 1176 1354 quarum
1223 1310 1311 1355 post
1363 1310 1439 1342 tres
1477 1316 1508 1341 a.
1540 1302 1618 1341 762
1665 1315 1685 1341 a
1732 1302 1933 1341 Germanis

138 1374 279 1414 deletas
325 1386 412 1413 cum
460 1380 708 1412 remanerent
752 1373 884 1424 viginti
938 1379 1034 1418 tres,
1087 1372 1236 1411 duabus
1287 1371 1396 1410 novis
1443 1371 1582 1410 additis
1629 1370 1798 1410 moriens
1840 1370 1933 1409 reli-

137 1442 221 1494 quit
250 1443 418 1494 legiones
450 1441 582 1493 viginti
613 1442 840 1493 quinque2).
901 1441 1010 1488 Quod
1034 1447 1162 1480 autem
1186 1441 1384 1492 Augustus
1407 1440 1453 1479 ab
1475 1453 1507 1480 a.
1532 1439 1611 1479 758
1634 1439 1803 1492 praemia
1826 1439 1931 1479 mili-

269 1558 294 1594 1)
320 1557 485 1599 Legiones
512 1556 678 1589 Antoniae
709 1557 833 1598 viginti
865 1557 949 1588 duae
981 1567 998 1588 a
1031 1557 1174 1588 secunda
1209 1556 1247 1587 ad
1279 1556 1472 1588 vicesimam
1507 1556 1642 1587 tertiam
1676 1556 1762 1587 iusto
1796 1565 1932 1587 numero

139 1624 285 1646 nummos
318 1614 556 1654 signaverunt3
589 1613 658 1645 rari
689 1618 767 1644 sunt
794 1613 915 1644 nummi
942 1612 1107 1654 legionum
1134 1623 1140 1643 1
1168 1611 1229 1653 (518
1249 1620 1338 1645 LEG·
1356 1613 1439 1652 PRI).
1466 1622 1546 1643 xxii.
1571 1622 1639 1643 xxv.
1667 1622 1933 1644 xxi·11.xx1x.xxx

138 1668 261 1707 (Cohen
292 1670 329 1702 12
353 1680 381 1711 p.
400 1670 469 1710 41),
495 1668 550 1700 sed
577 1668 661 1700 certi
688 1678 799 1699 omnes
826 1668 979 1707 (omnium
1000 1673 1117 1710 ectypa
1139 1667 1396 1699 Friedlaendero
1415 1667 1641 1700 intercedente
1659 1667 1758 1699 habui
1776 1677 1817 1699 ex
1843 1677 1933 1698 num-

138 1726 346 1770 mophylacio
365 1725 546 1769 Parisino),
575 1726 660 1757 nulli
687 1731 800 1758 certae
828 1726 901 1757 lidei
928 1727 1032 1758 adhuc
1059 1726 1183 1768 prolati
1208 1725 1377 1766 legionum
1405 1735 1472 1756 xxvi
1499 1729 1530 1757 et
1550 1736 1653 1757 xxxin.
1687 1724 1847 1765 Legionis
1866 1724 1935 1767 pri-

137 1794 208 1816 mae
245 1784 308 1816 duo
342 1784 544 1826 exemplaria
573 1784 711 1815 alterum
730 1787 900 1815 servatum
928 1783 959 1814 in
986 1782 1191 1814 bibliotheca
1216 1782 1399 1822 Yaticana,
1431 1783 1574 1814 alterum
1600 1782 1683 1824 apud
1711 1782 1935 1825 Depolettiuln

138 1841 315 1874 Lot-attins
341 1840 505 1873 Romanus
532 1846 608 1873 ante
633 1841 692 1872 hos
719 1850 762 1871 xx
788 1850 892 1871 annos
918 1840 956 1871 ad
984 1850 1032 1871 me
1059 1840 1198 1882 scripsit
1222 1845 1357 1882 reperta
1382 1849 1456 1871 csse
1483 1840 1513 1870 in
1540 1840 1698 1871 thesauro
1724 1839 1874 1881 quodam,
1899 1839 1933 1871 in

137 1910 199 1942 quo
227 1909 289 1930 non
315 1904 428 1932 essent
456 1899 521 1930 nisi
548 1898 677 1930 denarii
704 1897 871 1939 legionum
898 1898 1128 1937 Antoniarum‚
1154 1897 1285 1939 peculio
1313 1897 1474 1939 quondam
1502 1897 1620 1938 opinor
1645 1896 1763 1928 militis
1789 1897 1934 1929 alicuius

137 1967 178 1989 ex
204 1956 358 1989 exercitu
384 1956 522 1988 Antonii
541 1955 693 1995 Actiaco,
720 1955 772 1996 qui
799 1954 954 1986 denarios
981 1954 1061 1986 illos
1087 1954 1245 1996 stipendii
1272 1955 1402 1986 nomine
1420 1954 1625 1997 accepisset,
1652 1958 1689 1985 111
1707 1954 1836 1996 reperti
1855 1959 1932 1986 sunt

137 2014 287 2046 thesauri
320 2013 449 2045 similes
488 2024 550 2044 nou
588 2013 747 2044 habentes
786 2013 851 2044 nisi
884 2013 973 2043 solos
1006 2012 1162 2044 denarios
1194 2011 1386 2044 Italicorum
1421 2013 1514 2051 (ro‘m.
1544 2010 1751 2043 illatrix-wesen
1788 2022 1817 2054 p.
1844 2011 1933 2051 325).

138 2071 302 2112 Legiones
338 2081 389 2102 xxi.
412 2081 579 2102 Xt'l1.x'v111
611 2070 695 2112 quod
728 2070 822 2102 modo
855 2070 1057 2112 simpliciter
1090 2070 1137 2101 ita
1170 2069 1339 2111 dicuntur,
1372 2069 1465 2100 modo
1502 2069 1645 2101 adiectis
1682 2069 1933 2110 cognominibus

139 2135 197 2164 XII
223 2130 375 2170 antiqua,
401 2133 488 2158 XVII
514 2126 662 2167 classica,
689 2133 792 2157 XVIII
820 2126 940 2170 Lylu'ea
965 2127 1052 2169 (sic),
1084 2127 1160 2159 inde
1187 2138 1249 2159 non
1277 2132 1368 2159 recte
1399 2127 1540 2167 colliges
1572 2127 1719 2167 geminas
1743 2127 1803 2159 has
1828 2127 1934 2158 Anto-

140 2186 228 2218 nium
253 2186 426 2224 habuisseg
454 2185 530 2227 quid
557 2185 640 2216 enim
667 2184 803 2217 vetabat
829 2185 1035 2226 cognomina,
1063 2195 1199 2227 quorum
1227 2186 1257 2216 in
1284 2184 1472 2226 legionibus
1490 2194 1570 2216 usus
1589 2184 1765 2216 sollemnis
1782 2189 1933 2226 tempore

138 2243 240 2276 multo
260 2243 448 2286 posteriore
466 2243 619 2284 invaluit,
647 2242 837 2284 plerumque
856 2243 1023 2281 omittere,
1042 2242 1208 2274 interdum
1228 2242 1443 2274 adscribere?
1479 2241 1591 2282 ltaque
1611 2241 1738 2273 numeri
1755 2241 1838 2273 satis
1857 2251 1934 2272 con-

137 2301 275 2333 veniunt
309 2299 513 2342 temporibus
539 2300 708 2338 Actiacis,
744 2310 815 2331 nam
847 2300 1058 2339 undeviginti
1092 2300 1243 2340 legiones
1268 2300 1307 2331 ad
1333 2299 1465 2331 Actium
1492 2299 1658 2331 Antonius
1683 2309 1794 2331 secum
1817 2298 1935 2330 habuit

136 2357 322 2398 (Plutarch.
343 2358 472 2389 Anton.
500 2357 567 2398 68),
591 2363 628 2389 ut
653 2367 818 2389 sumamus
844 2357 1048 2399 legionarios
1075 2358 1216 2389 navibus
1242 2356 1416 2399 impositos
1442 2357 1481 2388 ad
1507 2356 1629 2396 viginti
1654 2356 1746 2388 milia
1771 2365 1811 2387 ex
1830 2355 1934 2388 unde-

138 2416 259 2456 viginti
287 2415 357 2447 illis
384 2415 534 2448 delectos
560 2425 644 2456 esse,
672 2420 831 2457 quattuor
856 2415 888 2447 111
917 2413 1034 2447 Africa
1060 2425 1129 2446 cum
1157 2414 1280 2457 Scarpo
1311 2413 1446 2447 fuerunt
1473 2414 1586 2453 (Oros.
1613 2413 1644 2456 6,
1666 2414 1715 2450 19,
1737 2415 1799 2453 15).
1842 2413 1932 2445 Unde

138 2473 202 2505 iam
232 2473 392 2506 videntur
423 2472 592 2514 intellegi,
623 2483 701 2515 quas
733 2473 812 2504 olim
845 2474 1084 2515 quaesiverunt
1123 2473 1190 2504 viri
1227 2472 1335 2513 docti,
1374 2472 1506 2506 occasio
1544 2475 1702 2513 aetasque
1728 2481 1933 2503 nummorum

137 2530 275 2562 illorum
301 2530 578 2572 legionariorum:
610 2530 763 2562 nimirum
797 2531 921 2571 signati
956 2535 1033 2562 sunt
1066 2540 1123 2572 per
1156 2540 1183 2561 a.
1212 2530 1285 2561 722.
1316 2530 1396 2572 723,
1427 2540 1488 2572 quo
1527 2533 1676 2571 tempore
1702 2529 1868 2560 Antonius
1898 2528 1931 2560 in

137 2586 264 2620 Achaia
290 2598 362 2619 eum
395 2588 548 2619 exercitu
579 2587 781 2620 morabatur.
832 2587 865 2619 ld
892 2598 930 2620 eo
964 2586 1200 2628 confflmaturf,
1234 2588 1318 2630 quod
1344 2587 1377 2618 in
1405 2597 1531 2619 nummo
1557 2586 1703 2628 legionis
1729 2590 1870 2618 octavae
1899 2585 1931 2616 in

137 2643 253 2676 Africa
278 2645 483 2677 constitutae
509 2645 568 2676 sub
594 2645 732 2677 Antonii
758 2645 870 2687 legato
891 2645 925 2676 L.
944 2644 1080 2677 Pinario
1098 2644 1223 2687 Scarpo
1242 2644 1381 2686 (Eckhel
1401 2644 1432 2685 6,
1451 2644 1510 2684 48;
1536 2644 1644 2676 Cohen
1667 2644 1699 2675 1²
1716 2654 1743 2685 p.
1763 2643 1804 2675 45
1824 2654 1854 2674 11.
1874 2643 1932 2684 80)

138 2702 302 2734 Α1110111115
333 2701 459 2734 dicitur
489 2712 551 2734 cos,
571 2708 619 2732 Ill
641 2704 720 2746 imp.
748 2708 818 2744 llll,
850 2703 935 2744 quod
968 2702 1126 2734 convenit
1160 2702 1223 2745 ipsi
1255 2712 1339 2734 anno
1368 2702 1441 2734 723.
1497 2701 1677 2743 Legionum
1704 2700 1872 2733 ordinatio
1899 2705 1933 2732 et

138 2760 349 2792 denariorum
382 2759 425 2790 iis
460 2759 703 2792 destinatorum
737 2762 854 2791 ssatnra
880 2769 951 2791 cum
976 2759 1157 2791 videantur
1183 2759 1255 2802 pari
1280 2770 1379 2802 passu
1405 2759 1630 2802 processisse,
1656 2757 1842 2790 verisimile
1869 2763 1932 2799 est,

139 2825 206 2858 eas,
235 2826 371 2859 quarum
398 2816 519 2847 nummi
545 2821 602 2848 aut
627 2817 697 2849 rari
723 2822 800 2849 sunt
825 2821 882 2848 aut
907 2817 1041 2853 desunt,
1072 2821 1129 2848 aut
1155 2817 1305 2859 proxime
1331 2822 1407 2849 ante
1435 2816 1597 2859 proelium
1623 2816 1826 2848 constitutas
1857 2825 1930 2848 esse

139 2878 196 2905 aut
220 2873 340 2916 proelii
365 2878 512 2915 tempore
539 2873 712 2906 incohatas
737 2873 976 2913 tantummodo,
1006 2874 1118 2915 itaque
1145 2873 1324 2905 Antonium
1350 2884 1410 2905 xxx
1437 2874 1604 2914 legionum
1631 2882 1800 2905 numerum
1826 2873 1930 2915 magis

140 2930 275 2973 explere
302 2929 451 2962 voluisse
477 2939 571 2971 quam
596 2930 797 2972 explevisse.

271 2987 297 3025 2)
324 2986 360 3018 Si
385 2990 461 3018 ante
479 2997 507 3018 a.
524 2986 587 3018 762
607 2987 711 3029 prima
728 2987 818 3027 legio
837 2988 928 3019 nulla
953 2988 985 3019 in
1011 2988 1163 3020 exercitu
1189 2986 1253 3020 fuit
1269 2989 1316 3028 (v.
1335 3000 1364 3031 p.
1382 2988 1424 3021 68
1445 3000 1472 3020 n.
1496 2989 1535 3030 1),
1563 2988 1734 3027 Augustus
1759 2987 1798 3019 ad
1817 2997 1847 3018 a.
1865 2987 1931 3019 759

142 3054 205 3075 xvii
230 3043 418 3085 legionibus
445 3054 522 3076 usus
550 3050 613 3085 est,
638 3055 676 3076 eo
702 3054 785 3076 anno
812 3055 877 3076 xxv
904 3044 1015 3077 effecit
1040 3049 1074 3077 et
1099 3045 1208 3077 tribus
1234 3056 1262 3077 a.
1284 3046 1345 3078 762
1372 3051 1406 3078 81
1431 3046 1539 3078 caesis
1566 3049 1599 3076 et
1624 3045 1767 3077 adiectis
1792 3044 1930 3077 totidem

141 3101 285 3132 moriens
311 3100 460 3142 reliquit.
