2227 3452
1756 172 1933 209 XXXVII

270 292 317 332 ΙΙ.
359 292 541 331 Graecam
582 292 939 344 interpretationem
981 296 1059 331 tam
1089 292 1351 344 Ancyranam,
1395 292 1440 330 ad
1477 296 1655 344 ectypum
1687 292 1834 332 scilicet
1864 305 1931 331 ex-

138 367 274 409 actam,
305 373 421 412 quam
453 361 761 412 Apolloniensem
792 360 844 400 ita
875 359 1048 412 apposui,
1081 366 1124 399 ut
1154 359 1303 410 singula
1323 365 1513 410 quatenus
1534 360 1616 398 fieri
1636 366 1765 411 potest
1784 360 1930 399 Latinis

139 429 219 469 suis
255 429 547 481 responderent.
613 429 783 469 Eandem
826 442 910 468 esse
951 435 1074 481 patet3
1115 429 1206 480 quid
1244 428 1348 480 quod
1385 428 1425 467 in
1466 429 1587 480 capite
1623 441 1686 466 xxi
1722 429 1931 480 incipiente

137 495 366 534 vocabulum
406 492 512 534 ναόν
558 495 746 534 omissum
792 501 851 534 est
889 494 929 533 in
975 500 1140 545 utroque
1185 494 1359 546 exemplo
1401 496 1450 542 (v,
1481 507 1518 545 p.
1552 493 1635 545 88).
1707 493 1761 532 De
1805 494 1931 533 indole

137 563 232 603 dixit
252 563 446 602 Kaibelius
474 562 513 601 in
542 563 765 614 praemissis
786 562 902 602 indici
924 562 1145 601 verborum.
1196 562 1320 601 Etiam
1343 575 1432 613 pars
1454 562 1595 601 Graeca
1617 562 1708 601 satis
1731 563 1931 602 emendate

137 632 278 683 scripta
309 638 385 678 est,
434 631 563 670 minus
605 637 733 670 tamen
764 643 880 683 quam
913 631 1064 678 Latina;
1102 631 1153 670 ita
1191 631 1415 670 exciderunt
1452 631 1531 670 sive
1567 631 1789 682 interpretis
1822 631 1932 682 culpa

137 700 216 739 sive
246 700 344 739 fabri
367 700 402 746 9,
429 699 478 738 13
502 701 593 751 τρίς
614 706 653 738 et
676 701 738 746 15,
762 699 784 738 3
811 695 1029 750 Ἀρτάξαν,
1061 699 1200 750 aliique
1223 712 1373 739 errores
1396 699 1539 751 passim
1572 699 1930 751 deprehunduntur.

135 792 190 797 -
220 769 411 808 Vocabula
442 781 531 808 cum
555 769 696 808 Graeca
727 768 1009 808 consuetudine
1031 768 1321 813 continuentur,
1353 780 1423 807 nos
1446 781 1599 819 quoque
1620 769 1657 807 id
1679 768 1931 815 retinuimus3

136 839 302 891 spatium
344 837 461 889 igitur
497 850 662 877 vacuum
703 837 770 876 ubi
808 837 997 885 cernitur,
1036 838 1164 889 ipsum
1198 844 1257 876 est
1287 837 1325 875 in
1359 849 1564 876 marmore.
1597 860 1648 864 —
1680 836 1788 875 Varia
1819 837 1931 876 lectio

134 907 228 946 item
261 906 478 958 subscripta
514 912 582 954 est,
628 919 756 957 neque
788 906 946 945 omnino
976 906 1210 957 neglegenda
1242 912 1333 945 sunt
1370 918 1467 957 quae
1504 906 1566 944 hic
1603 905 1679 944 illic
1708 907 1932 945 referuntur

135 976 323 1015 elementa
353 974 465 1014 nobis
494 974 533 1013 in
565 975 760 1026 gypsaceis
792 975 937 1027 ectypis
971 988 1050 1014 non
1072 975 1165 1022 visa,
1197 975 1263 1014 sed
1285 975 1401 1014 relata
1423 987 1443 1013 a
1464 974 1671 1026 prioribus,
1703 974 1930 1026 praesertim

134 1044 307 1083 Perroto.
369 1043 723 1082 Domaszewskium
756 1043 856 1082 enim
882 1044 1023 1083 Graeca
1054 1045 1146 1083 haec
1177 1044 1260 1096 ipsa
1282 1043 1499 1083 examinare
1520 1056 1599 1082 non
1621 1044 1792 1095 potuisse
1814 1056 1931 1095 supra

135 1113 321 1160 diximus,
354 1124 506 1151 summa
537 1118 666 1151 autem
698 1112 881 1163 religione
913 1112 1049 1151 doctus
1080 1112 1351 1164 Francogallus
1374 1113 1678 1164 repraesentavit
1709 1126 1806 1164 quae
1836 1113 1931 1152 vidit

134 1188 172 1220 et
202 1181 304 1232 quod
336 1180 568 1219 describenti
599 1180 869 1220 difficillimum
910 1187 968 1220 est
1006 1188 1050 1220 ut
1080 1195 1100 1220 a
1131 1181 1363 1221 coniecturis
1404 1181 1592 1221 abstineat
1633 1182 1685 1221 ita
1725 1182 1928 1234 praestitit,

134 1256 177 1289 ut
221 1249 451 1301 quibusdam
497 1248 591 1288 locis
637 1248 720 1287 iure
766 1249 948 1300 ambigas
996 1256 1128 1289 utrum
1169 1250 1353 1289 Perrotus
1399 1251 1583 1290 erraverit
1628 1263 1675 1290 an
1723 1264 1929 1303 gypsaceae

134 1318 284 1357 tabulae
314 1318 538 1369 imperfecte
569 1317 819 1369 archetypum
852 1318 1027 1357 reddant.

263 1385 325 1425 111.
357 1386 582 1437 Sequuntur
621 1387 795 1438 exempla
836 1386 1015 1425 Latinum
1062 1393 1099 1425 et
1130 1387 1319 1426 Graecum
1356 1394 1545 1438 quantum
1583 1388 1665 1427 fieri
1703 1389 1829 1440 potuit
1859 1402 1930 1428 ex-

129 1454 243 1506 pleta,
275 1454 420 1494 adiecta
450 1455 583 1506 paucis
614 1455 707 1494 locis
739 1454 985 1493 adnotatione
1017 1454 1160 1494 critica.
1222 1456 1327 1502 Quae
1364 1457 1633 1508 supplementa
1672 1458 1819 1509 priores
1861 1471 1929 1497 ex-

129 1523 394 1575 cogitaverunt
425 1536 599 1575 quaeque
631 1524 850 1563 coniectura
881 1530 1153 1575 reposuerunt,
1186 1537 1320 1563 eorum
1361 1525 1461 1564 baud
1494 1538 1614 1577 pauca
1644 1526 1719 1565 iam
1752 1526 1798 1565 ab
1830 1540 1927 1566 ocu—

128 1592 330 1632 latioribus
362 1592 665 1644 descriptoribus
697 1593 735 1631 in
767 1592 851 1644 ipso
873 1592 996 1644 lapide
1019 1592 1257 1643 deprebensa
1279 1600 1382 1634 sunt.
1415 1594 1526 1645 longe
1554 1595 1662 1646 plura
1694 1601 1761 1634 aut
1791 1595 1928 1635 Latino

129 1661 304 1713 exemplo
335 1661 485 1712 expleto
517 1668 554 1701 et
585 1662 788 1701 emendato
822 1667 886 1700 aut
917 1662 1121 1701 accedente
1151 1661 1470 1713 interpretatione
1496 1664 1635 1703 Graeca
1668 1670 1804 1715 sponte
1836 1677 1929 1703 con-

129 1730 323 1778 ciderunt3
355 1731 520 1781 denique
553 1743 594 1769 ea
626 1743 780 1781 quoque
812 1743 857 1769 ex
890 1730 981 1769 olim
1013 1731 1188 1782 repertis.
1221 1744 1317 1782 quae
1349 1732 1395 1770 ad
1428 1732 1658 1771 sententiam
1682 1745 1769 1771 vera
1801 1740 1930 1773 essent

128 1799 186 1837 vel
215 1804 317 1838 certe
346 1798 568 1850 probabilia,
602 1799 641 1837 in
669 1799 835 1838 editione
858 1800 985 1851 priore
1006 1812 1076 1851 per
1099 1799 1321 1839 universum
1344 1802 1665 1841 commentarium
1688 1802 1928 1841 retractanda

128 1873 238 1907 erant
267 1874 425 1919 propter
456 1867 632 1906 liiatuum
665 1867 853 1906 ambitum
892 1881 911 1906 a
949 1868 1110 1907 Perroto
1150 1869 1306 1908 demum
1348 1877 1522 1909 accurate
1563 1871 1815 1922 exploratum.
1875 1871 1930 1910 Ex

128 1936 232 1975 hisce
262 1936 434 1988 priorum
468 1936 525 1974 rel
556 1936 722 1975 inventis
754 1937 811 1976 vel
842 1937 1072 1976 commentis
1095 1950 1191 1988 quae
1213 1937 1288 1976 iam
1311 1937 1459 1977 inutilia
1481 1941 1578 1977 facta
1610 1945 1701 1978 sunt
1732 1947 1769 1978 et
1791 1952 1928 1991 super-

127 2017 301 2051 vacanea,
332 2004 425 2044 item
457 2011 522 2043 aut
554 2005 663 2044 novis
695 2005 877 2044 subsidiis
909 2018 1040 2044 eversa
1071 2012 1137 2045 aut
1168 2006 1282 2045 etiam
1306 2020 1374 2045 sua
1395 2013 1532 2046 natura
1554 2020 1732 2059 perversa
1754 2009 1928 2060 plerum-

127 2086 202 2125 que
233 2073 385 2113 silentio
407 2073 617 2125 praeterire
641 2074 758 2113 malui
788 2087 904 2125 quam
927 2076 1107 2120 refutare,
1140 2087 1227 2113 eum
1258 2076 1485 2126 praesertim
1507 2077 1606 2115 iusta
1629 2089 1757 2128 pugna
1779 2089 1856 2115 non
1880 2077 1929 2115 sit

127 2143 228 2182 inter
258 2141 406 2194 priores
437 2142 602 2181 editores
634 2142 851 2182 necessario
883 2143 1105 2182 insistentes
1136 2144 1320 2195 exemplis
1352 2157 1489 2195 parum
1523 2145 1737 2184 emendatis
1768 2151 1806 2184 et
1837 2158 1924 2184 eum

127 2211 193 2263 qui
237 2211 351 2250 hodie
387 2211 432 2250 ad
464 2211 577 2251 hasce
619 2212 768 2251 tabulas
800 2212 945 2251 accedit
977 2213 1189 2251 instructus
1222 2213 1395 2264 exemplo
1426 2215 1596 2265 perfecto
1627 2221 1665 2252 et
1694 2213 1927 2265 interpreta-

128 2280 232 2319 tione
269 2282 348 2319 fere
387 2279 547 2331 integra.
613 2280 665 2319 Ea
706 2293 784 2319 non
824 2281 948 2320 solum
986 2281 1151 2333 explevit
1188 2282 1384 2333 ingentem
1418 2283 1584 2329 hiatum,
1625 2282 1692 2333 qui
1724 2282 1928 2334 intercepit

128 2348 277 2388 tabulae
307 2348 456 2401 primae
486 2361 620 2388 versus
651 2349 817 2388 sedecim
849 2356 1067 2401 postremos
1099 2352 1177 2389 fere
1208 2357 1322 2397 totos⁷
1355 2350 1421 2389 sed
1453 2350 1566 2389 etiam
1599 2350 1681 2390 aliis
1713 2351 1807 2390 locis
1838 2352 1927 2403 plu-

127 2417 235 2456 rimis
266 2417 306 2456 in
337 2424 443 2469 parte
466 2417 600 2457 Latina
631 2418 729 2456 male
761 2418 901 2457 habitis
933 2431 1044 2470 opem
1070 2420 1167 2459 tulit.
1220 2419 1292 2458 Ubi
1317 2426 1445 2458 tamen
1466 2419 1506 2457 in
1530 2419 1623 2458 locis
1646 2420 1926 2459 difficilioribus

129 2498 174 2524 ex
209 2485 402 2536 prioribus
440 2486 633 2537 quendam
671 2499 805 2525 rerum
844 2488 901 2526 vel
939 2488 1080 2527 vidisse
1121 2490 1177 2527 vel
1208 2488 1452 2528 intervidisse
1483 2488 1838 2539 deprehemlebam,
1876 2490 1926 2528 ibi

128 2566 269 2593 nomen
307 2555 389 2593 eius
427 2561 470 2594 ut
511 2568 580 2607 par
618 2562 699 2595 erat
730 2557 936 2608 adscripsi3
979 2564 1113 2597 contra
1145 2557 1256 2596 tacite
1288 2557 1415 2608 recepi
1447 2557 1713 2608 supplementa
1745 2558 1924 2608 vulgaria,

128 2623 166 2662 id
197 2628 256 2662 est
286 2635 329 2662 ea
359 2636 455 2674 quae
486 2636 563 2662 non
596 2624 661 2675 qui
691 2632 809 2676 ponat
838 2625 1052 2665 laudandus
1085 2626 1154 2669 sit,
1189 2627 1254 2665 sed
1286 2625 1626 2677 reprehendendus
1658 2625 1724 2676 qui
1755 2638 1833 2664 non
1863 2626 1925 2665 in-

128 2691 266 2730 veniat.
307 2714 361 2719 —-
402 2692 542 2731 Graeca
585 2705 627 2731 ea
660 2694 822 2732 maxime
854 2707 949 2745 quae
981 2695 1176 2734 adinvenit
1207 2695 1391 2733 Perrotus
1425 2702 1528 2739 (nam
1561 2693 1601 2732 in
1632 2693 1925 2734 Hamiltonianis

126 2760 311 2799 Franzius
341 2760 418 2799 iam
448 2760 630 2812 pleraque
660 2768 762 2800 recte
805 2762 1016 2813 ordinarat)
1054 2763 1194 2815 prioris
1233 2775 1339 2802 meae
1371 2762 1549 2801 editionis
1581 2776 1694 2801 causa
1726 2763 1927 2802 constituit

128 2828 389 2868 Kirchboftius
420 2828 567 2868 amicus
598 2835 635 2868 et
666 2829 824 2880 collega,
865 2831 976 2870 cuius
1007 2838 1111 2878 sunt,
1143 2843 1410 2883 quaecumque
1441 2832 1481 2870 in
1513 2845 1555 2870 ea
1585 2832 1766 2882 leguntur
1796 2832 1924 2883 paullo

128 2896 248 2948 magis
286 2896 471 2948 exquisita
508 2903 546 2936 et
575 2903 732 2949 repertu
764 2898 986 2945 difficiliora,
1029 2906 1105 2938 tam
1138 2912 1192 2947 ea,
1224 2900 1364 2951 quibus
1397 2913 1539 2939 nomen
1572 2900 1653 2939 eius
1685 2900 1924 2952 adscriptum

127 2971 185 3004 est
215 2978 330 3016 quam
363 2965 429 3004 ubi
466 2977 543 3004 non
579 2971 638 3004 est
675 2967 923 3018 adscriptum.
956 2990 1012 2995 —
1041 2968 1084 3006 In
1130 2969 1246 3008 altera
1278 2969 1348 3008 hac
1379 2969 1545 3008 editione
1577 2969 1743 3008 curanda
1773 2975 1925 3020 praeter

126 3033 335 3073 Ernestum
358 3033 553 3072 Bormann
576 3040 613 3073 et
634 3034 854 3074 Udalricum
886 3048 906 3074 a
926 3036 1194 3084 Wilamowitz,
1227 3050 1393 3088 quorum
1427 3044 1588 3088 uterque
1619 3037 1664 3076 ad
1697 3037 1920 3076 universum

126 3102 269 3142 librum
301 3115 378 3142 non
410 3115 530 3154 pauca
564 3103 668 3143 utilia
701 3110 737 3142 et
768 3104 966 3155 ingeniosa
1003 3105 1206 3156 suggessit,
1247 3112 1286 3145 et
1323 3106 1389 3157 qui
1432 3107 1472 3145 in
1515 3107 1561 3145 iis
1607 3119 1704 3157 quae
1749 3111 1922 3158 spectant
