2227 3452
926 160 955 202 Ι,
982 161 1024 195 21
1052 160 1096 194 22
1854 162 1905 201 17

253 283 458 336 repperi1).
490 307 544 311 —
575 282 696 322 Causa
722 293 810 320 cum
839 292 917 319 non
946 280 1130 327 tradatur,
1163 277 1322 330 cogitari
1350 278 1492 330 poterit
1523 279 1569 318 de
1599 278 1906 330 expeditionibus

254 365 274 392 a
305 351 457 391 Tiberio
488 358 526 391 et
547 350 774 390 Germanico
805 349 844 388 in
867 349 1079 388 Germanos
1109 346 1300 399 susceptis
1330 359 1398 398 per
1427 359 1460 386 a.
1483 346 1562 386 763
1586 353 1624 386 et
1645 347 1737 395 764,
1768 359 1906 399 quam-

253 434 369 472 quam
401 421 556 460 victoria
586 426 671 459 tum
701 419 762 458 vix
791 423 900 470 parta
930 423 988 456 est
1019 416 1106 469 (Dio
1138 416 1201 463 56,
1233 415 1317 467 25).

179 502 212 529 a.
247 489 326 529 767
356 490 550 528 Avcvsrvs
580 489 660 527 lup.
691 500 753 526 m
783 509 836 515 —
866 486 1043 525 Tlmzmvs
1074 485 1153 524 Im).
1184 497 1247 523 vu.

259 557 410 597 Obiisse
432 558 650 608 Augustum
680 556 954 607 imperatorem
987 553 1100 592 vicies
1132 552 1251 592 semel
1281 558 1320 591 et
1339 552 1422 603 ipse
1444 558 1609 591 testatur
1631 552 1677 592 iis
1700 552 1745 590 de
1766 551 1909 603 quibus

256 626 404 677 agimus
436 625 562 664 verbis
594 632 631 664 et
660 629 840 677 repetunt
861 622 1017 662 Tacitus
1049 634 1137 661 ann.
1173 623 1206 668 1,
1240 621 1264 660 9
1296 626 1334 659 et
1364 619 1432 658 Dio
1463 621 1545 659 loco
1576 633 1595 659 a
1627 619 1791 658 librariis
1815 620 1912 658 male

256 694 387 733 habito
419 694 483 741 52,
516 695 580 732 41.
647 693 901 743 Refragantur
942 696 1070 730 tamen
1108 689 1252 741 lapides
1300 689 1375 728 duo
1414 688 1566 728 miliarii
1608 689 1653 727 ad
1692 688 1913 727 Narbonem

260 763 422 814 reperti,
474 775 641 814 quorum
698 762 858 801 alterum
903 759 1020 798 edidit
1059 758 1203 797 Allmer
1248 770 1323 797 rev.
1363 758 1474 808 e'piyr.
1508 771 1542 808 p.
1567 756 1665 803 204,
1705 763 1914 807 utrumque

258 831 351 870 vidit
388 830 687 877 Hirschfeldius,
734 831 788 869 sic
833 828 1024 880 concepti:
1075 830 1162 878 imp.
1196 826 1335 866 Caesar
1381 825 1458 864 dit-z·
1491 827 1523 877 f.
1555 826 1740 877 Auyustus
1778 826 1915 877 pontif.

257 900 496 949 maxum[us],
538 911 606 938 cos.
631 913 716 945 xm,
752 899 953 938 tribunicia
985 902 1162 947 potestate
1194 910 1330 941 xxxw,
1362 897 1450 946 imp.
1474 908 1590 941 x11113
1632 894 1697 945 qui
1728 906 1915 933 numerus

259 968 363 1006 nullo
394 974 503 1019 pacto
534 979 634 1006 anuo
667 967 817 1010 76667
849 972 1012 1017 aptatur.
1072 965 1157 1016 lpse
1178 976 1331 1015 quoque
1354 963 1488 1002 titulus
1511 963 1638 1014 pontis
1660 962 1915 1001 Ariminensis

261 1036 393 1087 (Orell.
418 1036 498 1075 604
519 1053 573 1069 =
595 1035 633 1074 C.
657 1036 684 1073 I.
707 1035 748 1073 L.
770 1035 833 1081 XI,
857 1034 953 1081 367)
975 1033 1025 1072 ita
1047 1039 1278 1084 conceptus:
1309 1035 1394 1083 imp.
1422 1031 1561 1071 Caesar
1581 1032 1657 1071 divi
1674 1033 1705 1083 f.
1730 1033 1916 1082 Auyustus

256 1105 431 1155 pontifex
452 1107 619 1149 maxim„
653 1115 721 1142 cos.
745 1118 830 1147 ΜΗ,
851 1105 938 1153 imp.
963 1115 1028 1149 xx,
1050 1102 1222 1141 trz'bimic.
1243 1108 1371 1151 potest.
1395 1114 1537 1138 snm
1562 1114 1600 1152 p.
1617 1113 1671 1152 p„
1705 1099 1734 1138 T
1732 1103 1756 1140 i.
1781 1100 1919 1140 Caesar

260 1173 337 1211 dim·
375 1173 532 1223 Auyusti
565 1173 596 1223 f.
631 1172 708 1211 divi
747 1171 824 1210 Iuli
860 1183 896 1209 η.
935 1171 1086 1222 Auyust.
1124 1171 1258 1222 pontif.
1299 1172 1467 1214 momine„
1509 1182 1578 1209 cos.
1608 1182 1686 1213 1111,
1722 1172 1809 1220 imp.
1842 1183 1917 1213 1711,

258 1239 343 1279 trib.
362 1247 492 1291 potest.
523 1254 610 1278 XXJJ
639 1240 783 1286 dedere,
816 1252 903 1278 cum
937 1246 1061 1290 pateat
1091 1238 1202 1290 ponti
1232 1244 1366 1289 coepto
1398 1238 1571 1288 Augusto
1603 1237 1703 1283 vivo,
1742 1236 1917 1275 absoluto

259 1321 291 1346 a.
314 1321 349 1358 p.
374 1307 411 1346 C.
437 1307 486 1346 21
521 1307 704 1359 inscripta
734 1320 816 1346 esse
849 1308 1005 1346 nomina
1036 1307 1197 1357 Augusti
1228 1320 1325 1357 quae
1361 1308 1521 1345 fuerunt
1557 1312 1730 1356 tempore
1769 1305 1918 1351 mortis,

257 1376 344 1414 licet
374 1375 549 1426 publicus
581 1383 618 1414 et
648 1376 790 1427 duplici
821 1376 996 1427 exemplo
1030 1376 1190 1414 traditus
1222 1374 1475 1413 nihilominus
1507 1375 1717 1413 mendosus
1749 1381 1818 1413 est.

331 1444 473 1482 Tiberii
503 1444 788 1483 acclamationis
820 1445 1005 1495 septimae
1036 1457 1157 1483 unum
1190 1450 1292 1482 extat
1324 1444 1601 1482 documentum
1631 1444 1804 1493 Augusto
1835 1441 1919 1480 vivo

259 1512 459 1563 scriptum,
491 1525 676 1551 nummus
708 1526 824 1552 cusus
856 1513 1061 1564 Luguduni
1093 1513 1300 1563 inscriptus
1334 1511 1385 1550 Ti.
1412 1511 1550 1551 Caesar
1571 1512 1728 1562 Auyustz‘
1752 1512 1782 1562 f.
1804 1513 1921 1561 impe-

257 1588 364 1620 rator
401 1581 502 1633 171²).
568 1581 746 1620 Proxime
797 1588 883 1632 post
930 1581 1186 1633 principatum
1243 1580 1424 1631 adeptum
1472 1592 1678 1631 percussus
1725 1585 1783 1617 est
1827 1579 1922 1617 alter

258 1649 466 1701 inscriptus
514 1650 563 1689 Ti.
613 1650 753 1689 Caesar
798 1650 875 1689 dim·
908 1650 997 1701 Any.
1034 1650 1064 1701 s.
1105 1650 1290 1701 Auynsms
1326 1648 1359 1699 )(
1397 1656 1445 1687 tr.
1480 1655 1647 1700 potxm
1693 1650 1740 1696 (a.
1785 1646 1921 1695 14115)

258 1721 346 1769 imp.
384 1731 443 1765 1·11,
475 1731 575 1757 anno
607 1733 641 1770 p.
674 1719 713 1758 C.
734 1718 785 1758 20
825 1718 960 1757 tertius
991 1718 1202 1769 inscriptus
1229 1725 1332 1769 pont.
1363 1720 1534 1764 maxim„
1566 1728 1636 1755 cos.
1664 1729 1720 1760 111,
1742 1719 1829 1767 imp.
1861 1729 1921 1761 νη,

259 1794 306 1826 tr.
325 1794 399 1839 pot.
434 1801 518 1824 xxm
538 1788 683 1836 (Cohen
712 1800 747 1825 n.
771 1788 807 1826 S.
832 1788 895 1838 {));
937 1800 1012 1838 quo
1054 1787 1195 1825 erroris
1236 1786 1477 1825 convincitur
1519 1785 1653 1824 titulus
1684 1784 1921 1836 Lilybitanus

264 1868 297 1893 a.
323 1854 416 1896 189
439 1854 495 1905 (C.
518 1855 563 1902 X,
588 1855 713 1907 7226)
741 1856 937 1894 dedicatus
959 1856 1111 1894 Tiberio
1130 1857 1266 1907 pontif.
1294 1867 1411 1899 inam„
1444 1866 1512 1893 cos.
1534 1867 1590 1901 111,
1621 1856 1706 1905 imp.
1740 1866 1813 1895 ΠΗ,
1838 1853 1920 1891 trib.

258 1931 385 1974 potest.
410 1938 473 1961 XX.
536 1924 592 1963 Ab
632 1938 733 1963 anno
766 1924 814 1962 21
856 1924 1062 1976 incipiente
1102 1937 1176 1963 una
1217 1937 1305 1963 cum
1344 1924 1546 1963 consulatu
1586 1929 1723 1973 quarto
1754 1921 1924 1960 succedit

260 1992 481 2031 acclamatio
521 1999 650 2031 octava
682 1999 778 2032 teste
810 1992 920 2032 titulo
952 2006 1065 2043 supra
1097 1993 1216 2031 relato
1248 1992 1376 2043 pontis
1408 1991 1662 2030 Ariminensis
1695 1990 1854 2042 (Eckliel
1884 1989 1922 2036 6,

264 2061 378 2111 191),
414 2061 583 2100 admisso
624 2064 785 2101 fortasse
827 2068 983 2112 propter
1020 2074 1080 2100 res
1118 2075 1136 2100 a
1175 2061 1298 2100 Druso
1337 2061 1373 2099 in
1407 2061 1554 2112 Illyrico
1593 2066 1717 2110 gestas
1750 2059 1922 2110 (Tacitus

262 2142 348 2168 ann.
372 2129 409 2175 3,
436 2131 503 2177 11;
536 2131 582 2169 cf.
607 2137 733 2169 tamen
766 2130 992 2169 Staacsrechc
1024 2129 1046 2167 2
1080 2144 1114 2181 p.
1141 2129 1246 2169 1098
1269 2130 1355 2168 adn.
1378 2129 1432 2177 3),
1466 2135 1503 2168 et
1532 2128 1571 2167 in
1603 2141 1646 2167 eo
1678 2140 1841 2167 numero
1872 2127 1919 2166 ad

263 2205 426 2237 mortem
459 2212 582 2250 usque
613 2199 788 2237 Tiberius
821 2198 1034 2249 permansit
1066 2198 1122 2245 (C.
1154 2198 1213 2245 Vl,
1246 2198 1326 2237 885
1359 2198 1461 2248 cet).

333 2266 427 2305 Cum
461 2267 732 2306 acclamatione
762 2268 925 2317 Augusti
956 2273 1163 2318 postrema,
1197 2266 1338 2305 Tiberii
1360 2266 1523 2317 septima
1545 2267 1707 2304 fortasse
1729 2264 1919 2316 iungenda

261 2341 319 2374 est
342 2335 567 2375 Germanici
604 2336 722 2388 prior.
773 2336 869 2375 Nam
902 2336 1005 2375 hunc
1037 2342 1287 2375 monumenta
1319 2335 1483 2386 plurima
1515 2340 1603 2386 post
1634 2334 1782 2373 obitum
1814 2333 1922 2372 dedi-

263 2523 289 2563 ¹)
314 2521 346 2554 In
373 2533 501 2554 nummo
528 2533 606 2554 cuso
635 2522 828 2564 Luguduni,
864 2533 958 2564 quem
984 2522 1094 2554 Cohen
1121 2521 1193 2553 Tib.
1216 2533 1242 2553 n.
1265 2521 1307 2553 34
1333 2522 1381 2552 ait
1415 2526 1533 2552 extare
1562 2520 1713 2552 Venetiis
1744 2519 1775 2551 iu
1810 2529 1920 2551 museo

133 2577 350 2619 Correriano,
383 2584 470 2611 teste
496 2579 665 2621 praefecto
695 2581 766 2612 eius
792 2582 915 2622 optimo
943 2581 1045 2611 amico
1074 2579 1221 2611 Antonio
1250 2578 1411 2617 Bertoldi,
1444 2588 1538 2620 quem
1563 2578 1601 2609 de
1628 2588 1667 2609 eo
1693 2577 1922 2619 interpellavi,

134 2636 295 2678 scriptum
321 2641 373 2668 est
400 2634 448 2668 Τι’.
469 2636 593 2668 Caesar
617 2638 768 2679 Aug-ast.
785 2638 822 2679 s.
843 2639 997 2679 imperat.
1025 2643 1083 2676 ΓΗ,
1109 2648 1184 2676 nou,
1212 2641 1247 2667 ut
1272 2636 1320 2667 ait
1346 2636 1468 2674 Coheu,
1495 2642 1538 2666 17.

264 2693 290 2735 2)
317 2693 424 2725 Cohen
452 2705 481 2725 n.
508 2694 650 2726 35—38.
699 2693 838 2726 Praeter
870 2694 1162 2735 aequabilitatem,
1194 2704 1256 2735 qua
1287 2693 1545 2724 acclamationes
1571 2692 1715 2732 Augusti
1741 2695 1775 2723 et
1799 2690 1926 2722 Tiberii

134 2755 209 2792 post
244 2751 453 2792 adoptionem
490 2751 669 2782 decurrere
707 2751 884 2791 videntur,
921 2761 1068 2792 quaeque
1107 2750 1224 2782 suadet
1260 2755 1296 2781 ut
1327 2749 1455 2781 Tiberii
1487 2749 1755 2781 acclamationem
1782 2758 1821 2779 vu
1854 2757 1925 2779 cum

134 2807 277 2848 Augusti
302 2818 351 2838 xx1
377 2808 613 2848 consociemus,
648 2809 679 2838 hi
714 2809 835 2839 nummi
868 2808 933 2839 suli
965 2808 1160 2850 impediunt,
1195 2807 1368 2848 quominus
1399 2807 1529 2838 Tiberii
1564 2806 1760 2838 acclamatio
1786 2805 1927 2847 septima

135 2865 357 2905 coniungatur
384 2875 454 2896 cum
488 2865 616 2896 nomine
642 2865 858 2906 imperatoris
885 2866 1020 2896 decreto
1047 2875 1076 2896 a.
1105 2864 1143 2895 1⁴
1171 2868 1314 2895 exeunte
1341 2862 1540 2895 Germanico
1567 2862 1657 2903 (vide
1689 2864 1787 2895 mox).
1837 2861 1869 2893 ld
1895 2862 1924 2893 si

136 2920 270 2962 probari
297 2925 420 2961 posset,
447 2931 485 2952 eo
511 2922 806 2960 commendaretur,
832 2921 916 2963 quod
944 2923 990 2953 ita
1015 2922 1094 2953 haec
1113 2920 1312 2953 Germanico
1339 2932 1411 2952 cum
1428 2921 1564 2952 Tiberio
1584 2919 1765 2951 communis
1784 2919 1829 2959 fit,
1855 2929 1926 2950 cum

136 2977 195 3008 sub
222 2979 372 3017 Augusto
402 2982 493 3009 certe
520 2978 754 3020 imperatoriae
781 2979 1040 3010 acclamationes
1065 2988 1082 3009 a
1101 2976 1238 3009 Tiberio
1265 2978 1427 3010 admissae
1445 2988 1557 3009 omnes
1584 2987 1655 3008 cum
1675 2976 1823 3018 principe
1841 2986 1927 3007 com-

136 3035 321 3067 municatae
347 3035 424 3066 sint.
473 3033 542 3067 Nec
578 3035 673 3077 plane
707 3036 792 3067 idem
826 3041 895 3076 est,
928 3036 1013 3077 quod
1044 3035 1162 3067 Blaeso
1188 3034 1346 3067 Tiberius
1376 3045 1404 3066 a.
1431 3035 1471 3065 22
1499 3033 1710 3076 imperatoris
1736 3043 1852 3064 nomen
1878 3033 1926 3064 ita

136 3092 314 3132 concessit,
340 3097 377 3123 ut
402 3093 471 3133 ipse
497 3102 535 3123 eo
563 3103 623 3123 uon
651 3097 805 3124 uteretur
830 3093 980 3133 (Tacitus
1006 3102 1079 3124 anu.
1106 3092 1137 3133 3,
1165 3093 1229 3134 79).

1693 3147 1712 3179 2
