2227 3452
279 992 398 1019 LAT.1
442 979 585 1018 Rerum
623 977 815 1028 gestarum
849 976 924 1015 divi
954 975 1135 1026 Augusti,
1167 975 1308 1026 quibus
1340 974 1471 1013 orbem
1507 975 1718 1024 terra[rum]
1748 974 1910 1026 imperio

382 1061 398 1088 2
439 1047 569 1099 populi
600 1045 798 1096 Rom(ani)
827 1042 830 1096 l
859 1043 1034 1089 subiecit,
1066 1045 1087 1091 ξ
1119 1049 1156 1081 et
1185 1043 1449 1094 inpensarum,
1482 1056 1575 1094 quas
1608 1043 1646 1081 in
1676 1056 1756 1082 rem
1782 1044 1911 1095 publi-

383 1130 398 1156 3
440 1129 522 1155 cam
554 1115 816 1167 populumque
848 1112 1090 1162 Ro[=ma]num
1119 1111 1220 1159 fecit,
1252 1111 1461 1150 incisarum
1490 1110 1495 1165 l
1522 1112 1560 1150 in
1583 1112 1732 1151 duabus
1754 1113 1910 1152 abeneis

440 1185 539 1236 pilis,
571 1196 668 1234 quae
700 1182 814 1231 su[n]t
845 1181 987 1219 Romae
1020 1180 1178 1232 positae,
1213 1181 1406 1232 exemplar
1437 1180 1692 1230 sub[2']ectum.

343 1265 400 1291 GR.
447 1251 872 1303 Ζῑῖεθηρμηνευμέναι
906 1245 1223 1300 ὑπεγράφησαν
1253 1247 1430 1299 προέξεις
1460 1264 1505 1287 τε
1537 1251 1608 1287 καὶ
1642 1247 1801 1301 δωρεαὶ
1833 1250 1912 1288 Σε-

439 1320 603 1371 βαστοῦ
634 1319 762 1365 θεοῦ,
796 1314 845 1363 ἃς
876 1314 1094 1356 ἀπέλιπεν
1125 1316 1200 1355 ἐπὶ
1228 1314 1386 1370 Ῥώμης
1418 1316 1786 1370 ἐνκεχαραγμένας
1809 1315 1913 1368 χαλ-

439 1394 535 1434 καῖς
567 1383 745 1439 σιήλαις
777 1384 889 1425 δυσί.

118 1474 320 1525 Inscriptio
367 1487 482 1525 supra
532 1474 671 1525 scripta
716 1472 755 1510 in
795 1471 930 1510 Latino
977 1470 1152 1521 exemplo
1197 1470 1449 1509 continuatur
1495 1484 1611 1522 super
1651 1478 1728 1510 tres
1771 1472 1915 1523 primas

119 1539 296 1591 paginas,
333 1539 373 1577 in
405 1539 548 1578 Graeco
588 1552 704 1590 super
746 1540 902 1591 paginas
940 1539 1084 1591 primas
1124 1539 1254 1578 decem
1287 1545 1325 1577 et
1356 1546 1524 1591 septem3
1556 1540 1723 1591 reliquae
1755 1541 1913 1591 paginae

121 1608 277 1647 Latinae
316 1614 392 1647 tres
434 1614 472 1646 et
503 1608 666 1647 Graecae
707 1609 804 1648 duae
846 1608 1215 1660 superscriptionem
1248 1608 1392 1646 nullam
1424 1608 1577 1648 habent.
1639 1609 1780 1648 Graeca
1812 1622 1915 1648 nunc

121 1677 291 1728 primum
325 1676 472 1727 integra
505 1676 653 1724 editur3
684 1684 793 1716 antea
826 1677 1144 1728 suppleveramus
1174 1673 1442 1726 [κατ]έλιπεν.

252 1744 432 1784 Testibus
465 1745 651 1784 Suetonio
683 1745 794 1796 (Aug.
821 1746 911 1783 101.
944 1745 1026 1784 Tib.
1051 1745 1120 1796 23)
1152 1752 1189 1784 et
1220 1745 1339 1783 Dione
1371 1745 1454 1796 (56,
1478 1745 1548 1796 33)
1581 1758 1655 1785 una
1686 1758 1775 1785 cum
1800 1753 1918 1785 testa-

123 1819 253 1851 mento
300 1826 369 1852 suo
408 1815 606 1864 Augustus
652 1814 830 1866 deposuit
875 1814 974 1865 apud
1022 1814 1188 1865 virgines
1229 1814 1395 1853 Vestales
1442 1814 1513 1853 tria
1560 1815 1754 1853 volumina
1800 1828 1919 1866 aeque

122 1881 288 1932 signata,
330 1895 427 1932 quae
464 1889 553 1933 post
589 1883 738 1921 obitum
776 1883 857 1921 eius
898 1883 936 1921 in
976 1890 1152 1921 senatum
1184 1883 1308 1921 adlata
1338 1882 1468 1933 ibique
1498 1890 1628 1934 aperta
1660 1890 1697 1922 et
1727 1897 1746 1922 a
1778 1890 1919 1935 nepote

123 1949 247 1988 Druso
278 1950 435 1989 recitata
473 1958 575 1989 sunt.
645 1951 792 1990 Horum
832 1950 948 1989 trium
993 1951 1234 1989 voluminum
1274 1963 1350 1989 uno
1389 1951 1566 1990 mandata
1605 1952 1651 1990 de
1682 1954 1816 1991 funere
1849 1966 1920 1991 suo

124 2019 434 2069 comprehendit,
476 2019 595 2058 altero
628 2019 746 2058 edidit
777 2019 1008 2058 breviarium
1042 2019 1161 2058 totius
1192 2019 1341 2070 imperii
1374 2019 1438 2069 (cs.
1471 2019 1626 2059 Tacitus
1657 2033 1746 2059 anu.
1784 2022 1816 2066 1,
1854 2022 1921 2068 113

124 2085 194 2125 Dio
226 2086 290 2133 53,
321 2086 404 2138 30),
436 2087 550 2126 tertio
580 2088 740 2127 iudicem
770 2100 899 2127 rerum
931 2102 952 2126 (ι
983 2101 1019 2126 se
1047 2097 1249 2139 yescarum,
1281 2100 1388 2140 quem
1420 2088 1527 2127 vellet
1558 2090 1673 2128 incide?
1700 2092 1741 2128 iu
1772 2089 1921 2128 ahenas

124 2155 280 2201 tabulis,
320 2168 414 2207 quae
456 2163 539 2195 unce
577 2156 806 2196 mausoleum
847 2164 1123 2201 statuerentur,
1170 2163 1213 2195 ut
1249 2156 1302 2195 ait
1341 2157 1571 2204 Suetonius,
1610 2157 1667 2196 vel
1703 2158 1919 2196 secundum

124 2223 285 2262 Dionem
318 2223 370 2262 τὰ
400 2222 502 2276 ἔργα
535 2221 562 2261 ἂ
593 2223 751 2277 ἔπραξε
783 2222 944 2271 πάνια,
979 2221 1006 2262 ἑὲ
1037 2225 1108 2262 καὶ
1141 2222 1182 2270 ἐς
1213 2223 1373 2274 χαλκᾶς
1405 2222 1561 2277 στήλας
1584 2223 1693 2277 πρὸς
1718 2228 1774 2278 τῷ
1797 2223 1920 2278 ἡρῴῳ

125 2289 258 2331 αὐτοῦ
297 2292 539 2339 σῑαθείσας
577 2289 881 2345 ἀναγραφῆναι
922 2290 1127 2331 ἐκέλευσε.
1188 2294 1356 2344 Apparet
1386 2294 1615 2333 Suetonium
1654 2294 1779 2345 ipsam
1811 2306 1920 2333 com-

127 2359 305 2398 mentarii
346 2359 638 2411 inscriptionem
670 2360 709 2399 in
742 2368 870 2400 mente
902 2361 1103 2408 habuisse,
1143 2374 1232 2400 cum
1264 2362 1356 2400 baec
1388 2362 1560 2413 scripsit,
1600 2362 1759 2401 Dionem
1792 2369 1922 2401 autem

127 2427 293 2479 pendere
324 2440 343 2466 a
376 2428 572 2475 Suetonio,
604 2442 771 2480 quocum
804 2429 849 2468 ad
882 2429 1042 2467 verbum
1074 2430 1152 2468 fere
1183 2430 1420 2469 conveniunt
1449 2443 1546 2481 quae
1577 2431 1692 2470 habet
1722 2431 1767 2470 de
1798 2431 1922 2470 tribus

127 2495 276 2543 libellis,
299 2508 387 2535 cum
410 2510 507 2547 quae
529 2497 574 2536 de
596 2504 733 2548 quarto
756 2510 871 2549 quem
893 2498 946 2536 ait
967 2498 1076 2536 affert
1097 2498 1319 2549 perturbata
1342 2499 1501 2537 omnino
1523 2499 1676 2538 aliunde
1698 2499 1916 2538 attexuerit.

128 2560 176 2603 Et
213 2564 258 2603 de
294 2564 387 2603 locis
418 2565 597 2615 quidem,
636 2566 675 2604 in
706 2565 847 2616 quibus
877 2565 1015 2604 indicis
1047 2566 1163 2604 huius
1194 2567 1425 2618 exemplaria
1457 2567 1651 2619 proposita
1683 2574 1792 2615 sunt,
1830 2580 1918 2606 cum

131 2644 247 2683 supra
284 2632 430 2671 dictum
473 2633 540 2680 sit,
582 2640 761 2685 superest
797 2640 840 2672 ut
878 2634 1093 2681 videamus,
1139 2648 1216 2685 quo
1257 2641 1429 2686 tempore
1468 2637 1665 2686 Augustus
1703 2648 1792 2674 eum
1833 2648 1927 2675 con-

132 2700 342 2752 scripserit.
402 2701 525 2747 Quem
565 2714 799 2753 quamquam
838 2709 986 2753 partem
1025 2703 1312 2753 quodammodo
1350 2704 1572 2743 testamenti
1604 2704 1664 2742 sui
1694 2717 1775 2743 esse
1806 2704 1928 2743 voluit

133 2769 265 2821 scripti
303 2769 489 2808 Suetonio
528 2775 623 2809 teste
663 2770 723 2809 die
760 2770 783 2809 3
814 2770 905 2821 Apr.
937 2784 968 2809 a.
1003 2772 1101 2818 766,
1152 2779 1279 2810 tamen
1326 2784 1404 2810 non
1449 2773 1583 2810 eodem
1632 2779 1804 2823 tempore
1851 2773 1930 2811 sive

132 2837 222 2876 fecit
260 2837 339 2876 sive
376 2838 552 2888 perfecit,
600 2839 666 2877 sed
712 2837 784 2877 sub
821 2838 949 2889 ipsum
990 2840 1147 2878 demum
1195 2841 1331 2879 mortis
1376 2840 1490 2887 diem,
1537 2839 1602 2890 qui
1648 2839 1721 2878 suit
1757 2841 1803 2879 l9
1834 2840 1930 2890 Aug.

136 2905 229 2944 767.
286 2904 383 2943 Nam
425 2905 594 2956 primum
637 2906 676 2944 in
712 2906 786 2944 sine
818 2906 873 2957 (6,
906 2906 976 2957 27)
1007 2908 1165 2946 adnotat
1194 2909 1287 2947 haec
1318 2908 1519 2959 scripsisse
1550 2921 1590 2946 se
1621 2920 1765 2946 annum
1797 2908 1932 2947 aetatis

135 2979 310 3024 agentem
343 2974 671 3024 septuagesimum
703 2980 875 3020 sextum,
908 2975 974 3026 qui
1005 2988 1130 3014 annus
1161 2977 1287 3028 coepit
1317 2977 1375 3016 die
1409 2977 1459 3015 23
1494 2978 1598 3028 Sept.
1632 2976 1724 3015 766.
1784 2977 1928 3015 Deinde

136 3041 249 3080 lustri
282 3041 383 3080 tertii
414 3042 649 3081 mentionem
682 3042 773 3081 facit
795 3042 850 3093 (2,
874 3043 915 3093 9)
938 3044 1081 3082 conditi
1104 3051 1146 3083 ut
1166 3045 1249 3096 ipse
1279 3045 1332 3083 ait
1352 3058 1384 3084 a.
1409 3045 1500 3091 767,
1534 3052 1576 3083 ut
1596 3045 1700 3083 addit
1723 3045 1932 3083 Suetonius

138 3110 250 3162 (Aug.
282 3111 333 3150 97
344 3124 354 3158 3
391 3112 438 3149 cf.
471 3110 539 3149 Dio
572 3111 642 3159 56,
675 3110 744 3162 29)
785 3112 996 3151 centesimo
1033 3114 1112 3151 fere
1150 3119 1240 3152 ante
1280 3119 1447 3152 mortem
1483 3112 1647 3163 Augusti
1685 3113 1762 3160 die,
1799 3112 1838 3151 id
1875 3119 1935 3151 est

1704 3180 1721 3213 1
