2227 3452
937 172 966 214 Ι,
992 173 1037 207 44
1062 171 1107 207 45
1858 173 1908 214 31

133 294 219 346 56),
256 295 395 334 iterum
440 293 479 332 in
519 292 828 345 quinquennium
867 303 969 331 anno
1007 290 1083 328 741
1125 287 1211 337 (Dio
1242 288 1312 333 54,
1354 288 1416 326 12.
1454 288 1544 337 28),
1583 289 1718 329 deinde
1748 290 1912 342 Agrippa

130 374 163 401 3.
196 361 275 400 742
317 361 497 400 defuncto
537 361 733 400 Tiberium
769 361 809 399 in
851 357 1159 411 quinquennium
1197 370 1229 396 a.
1263 356 1342 396 748
1381 356 1466 408 (Dio
1499 358 1568 404 55,
1602 358 1642 405 93
1680 359 1844 398 Velleius
1875 359 1911 406 2,

131 430 206 477 99;
237 429 443 469 Suetonius
474 430 557 469 Tib.
591 430 626 469 9.
653 431 715 469 10.
742 429 830 479 11),
868 428 1008 467 iterum
1041 426 1079 465 in
1111 425 1339 464 decennium
1371 438 1403 463 a.
1436 426 1514 463 757
1546 425 1631 475 (Dio
1664 427 1727 472 55,
1763 427 1834 474 133
1866 429 1912 466 cf.

133 497 294 537 Velleius
324 497 361 544 2,
398 498 493 545 1033
541 498 695 537 Tacitus
733 510 821 537 ann.
856 498 890 541 1,
923 496 960 534 3.
995 495 1083 545 10),
1125 494 1288 545 denique
1325 500 1391 532 aut
1428 494 1466 532 in
1507 493 1736 532 decennium
1776 495 1914 542 (minui

131 566 232 605 enim
274 566 439 618 spatium
479 580 557 606 non
595 566 733 619 potuit)
772 572 837 604 aut
874 571 1046 615 tempore
1083 576 1161 602 non
1201 562 1401 614 praefinito
1442 575 1473 600 a.
1507 562 1586 600 766
1619 561 1702 609 (Dio
1735 562 1799 609 56,
1831 562 1914 613 28).

132 634 340 674 Suetonius
380 641 507 674 tamen
539 635 621 674 Tib.
647 636 697 674 16
735 636 852 673 refert
888 646 919 672 a.
953 633 1032 671 757
1064 631 1215 670 Tiberio
1255 630 1498 670 tribuniciam
1532 636 1759 682 potestatem
1798 643 1915 669 reno—

130 708 255 742 vatam
301 716 384 742 esse
428 703 467 742 in
512 703 836 755 quinquennium.
909 702 1081 741 Alterum
1124 699 1251 738 locum
1296 699 1389 750 Aug.
1421 699 1490 745 27,
1538 698 1601 737 ubi
1639 698 1692 737 sic
1731 699 1914 737 traditur:

130 772 368 811 tribuniciam
394 780 608 823 potestatem
638 779 853 823 perpetuam
883 772 1028 821 recepit,
1059 772 1097 808 in
1129 781 1202 820 qua
1231 769 1342 807 semel
1372 775 1480 819 atque
1510 770 1645 806 iterum
1671 779 1741 818 per
1768 767 1916 818 sinqula

131 840 252 880 lustra
282 840 459 891 collegam
491 840 561 878 sibi
588 842 785 890 cooptavit,
817 851 954 877 sanum
986 851 1068 877 esse
1097 850 1212 888 nego3
1249 849 1482 888 quamquain
1514 842 1629 875 erunt
1659 838 1820 875 fortasse
1851 837 1916 887 qui

130 908 181 947 ita
212 909 418 948 defendent
449 909 545 947 duos
576 908 737 959 collegas
768 909 985 959 Augustum
1018 907 1264 959 cooptavisse,
1296 906 1451 956 utrique
1481 912 1609 944 autem
1640 905 1827 944 honorem
1850 917 1917 956 per

132 977 280 1028 singula
310 977 430 1016 lustra
462 989 700 1028 prorogasse.
760 976 1014 1015 Verisimilius
1044 982 1102 1014 est
1132 975 1319 1026 quaedam
1350 975 1535 1014 excidisse
1566 974 1620 1013 sic
1647 975 1724 1012 fere
1746 973 1917 1012 redinte-

132 1046 292 1097 granda:
322 1045 434 1085 semel
456 1052 563 1097 atque
585 1048 719 1084 iterizm
741 1045 802 1095 [M.
825 1046 1038 1096 Ayrippam,
1059 1042 1146 1083 ter?J
1180 1043 1378 1092 Tiberium]
1406 1056 1474 1094 per
1494 1042 1644 1094 singula
1665 1042 1784 1081 lustra
1807 1042 1918 1081 colle-

128 1127 215 1166 qam
242 1115 314 1154 sibi
332 1116 523 1166 cooptavit,
556 1126 789 1164 quamquam
813 1115 845 1153 si
866 1114 916 1152 ita
940 1112 1149 1152 Suetonius
1172 1111 1336 1163 scripsit,
1370 1112 1501 1163 utique
1523 1124 1566 1149 eo
1589 1110 1744 1149 nomine
1765 1110 1916 1157 erravit,

131 1183 233 1235 quod
265 1183 462 1222 Tiberium
503 1182 621 1221 semel
662 1189 762 1221 certe
804 1188 955 1234 oportet
992 1182 1182 1233 accepisse
1224 1186 1450 1232 potestatem
1483 1180 1581 1218 lianc
1611 1185 1676 1218 aut
1706 1179 1743 1217 in
1778 1179 1918 1217 decen-

131 1252 240 1291 nium
272 1257 338 1291 aut
367 1251 406 1290 in
437 1258 666 1303 perpetuum
684 1251 724 1302 1).
776 1252 849 1290 Pro
882 1251 999 1289 Dione
1031 1258 1161 1289 contra
1189 1249 1416 1289 Suetonium
1449 1249 1521 1287 hoc
1552 1254 1637 1297 stat,
1670 1248 1772 1299 quod
1803 1260 1918 1286 reno-

132 1326 238 1359 vatae
283 1320 485 1371 potestatis
527 1334 559 1359 3.
593 1320 672 1359 762
711 1320 813 1358 nulla
853 1318 1036 1357 memoria
1079 1325 1266 1370 superest.
1333 1317 1526 1356 Dubitatio
1564 1323 1692 1355 tamen
1730 1322 1917 1362 remanet,

133 1389 177 1428 de
207 1401 308 1428 anno
341 1390 420 1428 757
453 1395 537 1428 uter
568 1396 701 1428 auctor
723 1388 875 1434 errarit;
908 1394 1109 1439 potestque
1132 1387 1224 1433 lieri,
1248 1393 1289 1425 ut
1311 1385 1485 1424 Tiberius
1507 1399 1539 1424 a.
1564 1387 1641 1424 757
1674 1385 1917 1424 tribuniciam

132 1463 361 1509 potestatem
399 1458 589 1510 acceperit
619 1458 657 1496 in
689 1457 1015 1508 quinquennium,
1048 1469 1079 1493 a.
1114 1455 1193 1494 762
1225 1461 1290 1494 aut
1320 1454 1358 1493 in
1391 1454 1617 1493 decennium
1651 1460 1717 1492 aut
1748 1459 1919 1504 tempore

132 1538 210 1565 non
248 1527 460 1578 praefinito.
521 1526 615 1565 Utut
645 1532 715 1573 est,
748 1532 849 1564 recte
880 1526 1076 1575 Augustus
1107 1524 1159 1563 ait
1189 1523 1234 1562 ad
1267 1535 1355 1561 cum
1388 1523 1501 1569 diem,
1538 1535 1613 1573 quo
1646 1522 1737 1561 liaeo
1767 1521 1921 1573 scripsit

131 1601 274 1634 aestate
305 1608 337 1634 a.
362 1595 461 1642 767,
492 1595 696 1646 quinquies
728 1595 908 1645 collegam
944 1592 1168 1632 tribuniciae
1200 1592 1398 1643 potestatis
1429 1605 1448 1630 a
1480 1597 1614 1630 senatu
1647 1604 1686 1629 se
1716 1591 1919 1642 accepisse.

133 1662 394 1715 Cooptationis
435 1664 618 1703 vocabulo
658 1664 786 1702 minus
825 1662 976 1715 proprie
1010 1661 1218 1700 Suetonius
1251 1674 1343 1700 usus
1375 1667 1449 1707 est,
1487 1672 1573 1699 cuni
1608 1672 1694 1699 vere
1724 1660 1919 1711 Augustus

132 1732 313 1784 collegam
346 1745 366 1772 a
397 1739 532 1772 senatu
562 1732 715 1785 petierit
746 1736 795 1781 (v.
827 1731 1053 1771 Seaatsrecht
1088 1731 1104 1768 1
1140 1744 1175 1781 p.
1199 1729 1309 1781 212).

846 1913 1074 1963 CAPVT
1112 1913 1212 1960 VII

216 1999 300 2025 LAT.
342 1990 546 2039 perierunt.

216 2068 274 2095 GR.
299 2056 334 2103 4,
363 2069 410 2096 12
457 2057 598 2109 Τριῶν
629 2050 798 2105 ἀνδρῶν
825 2052 1029 2105 ἐγενόμην
1059 2051 1281 2105 δημοσίων
1310 2049 1576 2103 πραγμάτων
1610 2049 1614 2104 Ι
1642 2049 1921 2104 κατορθωτὴς

454 2124 677 2172 συνεχέσιν
708 2120 849 2162 ἔτεσιν
880 2121 997 2161 δέκα.
1030 2124 1051 2169 ξ

134 2210 231 2249 Hinc
270 2210 429 2249 omnino
460 2209 669 2249 Suetonius
701 2209 796 2259 Aug.
820 2208 893 2247 27:
938 2207 1231 2246 Triumuiratum
1271 2210 1330 2246 rei
1356 2207 1522 2258 publicae
1554 2206 1825 2246 constituendae
1852 2218 1921 2257 per

135 2278 255 2318 decem
293 2291 412 2318 annos
449 2279 737 2318 administravit.
806 2276 1091 2315 Triumviratus
1132 2276 1237 2327 prior
1276 2282 1373 2314 teste
1414 2275 1537 2314 tabula
1571 2274 1765 2313 Colotiana
1802 2288 1821 2312 3
1862 2274 1921 2313 die

135 2345 186 2385 27
217 2346 309 2386 Nov.
343 2348 419 2386 711
455 2348 702 2386 continuatus
734 2352 793 2385 est
823 2345 869 2384 ad
901 2345 935 2383 d.
960 2344 1007 2383 31
1040 2344 1126 2382 Dec..
1152 2344 1245 2390 716,
1277 2343 1468 2395 posterior
1497 2356 1516 2382 a
1550 2344 1585 2382 d.
1612 2344 1629 2381 1
1664 2343 1741 2381 lan.
1765 2344 1843 2381 717
1875 2343 1921 2382 ad

135 2413 183 2454 31
207 2414 293 2454 Dec.
318 2415 410 2454 721.
462 2415 514 2454 Eo
544 2422 673 2454 autem
705 2415 783 2461 die,
816 2426 930 2465 quein
963 2412 1025 2451 hie
1058 2412 1207 2459 indicat,
1240 2425 1334 2451 nuni
1367 2425 1453 2451 vere
1485 2412 1769 2451 triumviratum
1803 2412 1921 2463 depo—

134 2484 266 2532 suerit,
297 2484 487 2536 disputavi
517 2483 746 2524 Scaaesreclzc
776 2482 799 2520 2
831 2495 867 2534 p.
900 2481 993 2521 698.

218 2633 303 2660 LAT.
327 2621 362 2668 1,
384 2633 418 2661 44
457 2620 643 2673 [Princeps
679 2627 828 2660 senatus
867 2620 929 2670 sui
956 2631 1070 2671 usque
1102 2619 1151 2658 ad
1180 2631 1265 2658 eum
1297 2618 1411 2663 diem,
1446 2628 1515 2669 quo
1545 2616 1778 2667 scrips]eram
1809 2616 1919 2666 [haec‚

384 2702 417 2729 45
458 2688 461 2739 1
493 2702 561 2741 per
591 2702 709 2729 annos
738 2688 1013 2740 quadrayi'ntal.

191 2769 249 2796 Gn.
271 2758 309 2806 4,
331 2769 348 2797 2
367 2770 382 2797 3
402 2770 417 2797 4
458 2759 636 2809 Πρῶτον
666 2758 670 2810 Ι
696 2755 940 2808 ἀξιώματος
970 2752 1107 2794 τόπον
1139 2753 1265 2805 ἔσχον
1295 2755 1367 2807 τῆς
1398 2751 1631 2806 συνκλήτου
1664 2750 1762 2805 ἄχρι
1790 2750 1795 2806 Ι
1822 2750 1921 2792 ταύ-

397 2837 413 2863 5
452 2839 526 2878 της
556 2824 629 2879 τῆς
659 2822 835 2878 ἡμέρας,
868 2818 915 2877 ἧς
938 2824 1072 2863 ταῦτα
1094 2821 1300 2876 ἔγραφον,
1333 2821 1409 2861 ἐπὶ
1432 2820 1500 2875 ἔτη
1523 2818 1867 2872 τεσΙσαράκοντα.
1899 2824 1922 2869 ἓ

264 2941 290 2981 ¹)
322 2939 486 2980 Bergkius
512 2950 541 2982 p.
559 2938 598 2971 31
627 2940 758 2982 supplet
784 2940 934 2971 diverse:
969 2938 1069 2970 semel
1092 2941 1187 2979 atque
1210 2939 1330 2970 iterum
1359 2938 1429 2980 [per
1453 2936 1656 2975 decennium,
1682 2935 1744 2978 ter]
1769 2946 1829 2978 per
1852 2938 1921 2968 sin-

133 2996 216 3037 gula
245 2996 354 3029 lustra
385 2995 545 3038 collegam
577 2997 642 3027 sibi
672 2999 829 3039 cooptavit
857 3003 909 3037 et,
942 3007 980 3028 ne
1007 2996 1186 3027 Suetonius
1219 3005 1328 3027 secum
1361 2995 1431 3037 ipse
1467 2998 1605 3036 pugnet,
1636 2994 1668 3024 iu
1697 2993 1767 3025 vita
1793 2992 1921 3025 Tiberii

137 3064 163 3085 c.
191 3054 230 3087 16
262 3065 320 3097 pro
355 3065 392 3086 eo
423 3055 508 3097 quod
542 3054 690 3086 traditur
723 3053 803 3086 data
836 3063 959 3086 rursus
991 3054 1171 3084 tribunicia
1202 3054 1352 3094 potestas
1386 3053 1422 3082 in
1455 3052 1714 3093 quinquennium
1745 3050 1923 3083 substituit

135 3111 171 3141 in
194 3109 398 3144 decennium.
