2430 3394
444 112 527 153 104
1233 103 1275 146 V,
1307 103 1441 137 14—18

440 231 627 282 patefacta
661 227 701 266 in
729 225 875 266 Latinis
910 224 1097 276 quaedam
1134 222 1290 261 mutavi.
1338 223 1378 260 V.
1403 224 1451 261 13
1490 223 1700 262 tenendum
1739 230 1901 261 estnon
1933 223 2018 274 plus
2045 234 2134 260 xvin
2165 221 2230 260 lit-

442 306 542 338 teras
579 296 740 336 deficere
775 295 877 334 inter
916 296 1018 333 mari
1053 299 1091 331 et
1129 291 1230 330 nulli
1261 302 1386 341 neque
1423 290 1573 329 admitti
1612 304 1725 343 posse
1755 292 1859 342 quod
1889 291 1928 330 in
1960 296 2143 342 promptu
2173 294 2232 327 est

440 375 483 407 ut
508 371 752 419 pacarentur.

574 433 627 473 De
657 432 774 472 rebus
804 436 955 483 praeter
987 427 1218 468 Suetonium
1250 428 1346 478 Aug.
1370 427 1443 465 21:
1482 439 1547 467 nec
1577 428 1650 467 utta·
1674 430 1778 479 genti
1804 430 1882 466 sine
1911 429 2016 466 iustis
2044 433 2077 466 et
2107 438 2231 465 neces-

442 505 553 543 sariis
592 505 713 542 causis
751 501 887 540 bellum
925 499 1051 538 intulit
1091 496 1321 535 conferenda
1358 496 1584 547 praesertim
1621 495 1821 547 inscriptio
1859 494 2025 546 ‘tropaei
2055 492 2233 545 Alpium',

443 579 486 612 ut
521 572 573 611 ait
602 570 768 617 Plinius,
807 568 922 621 positi
959 580 990 606 a.
1015 563 1138 607 747ᾗὸ
1170 564 1209 602 111
1239 564 1323 602 1000
1363 563 1450 602 iude
1490 563 1590 602 dicto
1625 563 1791 615 Tropaea
1821 564 1980 615 Auyusti
2007 559 2235 614 (Τρόπαια

442 640 665 692 Σεβαστοῦ
695 638 857 677 Ptolem.
881 636 919 683 3,
953 628 986 681 1,
1019 634 1074 685 2),
1106 632 1219 672 hodie
1247 632 1385 671 Torbia
1416 645 1535 684 prope
1557 632 1771 678 Monacum,
1794 631 1905 670 nobis
1935 637 2063 670 autem
2086 636 2237 682 praeter

443 707 639 760 archetypi
675 706 838 746 frustula
879 703 1066 755 quaedam
1105 707 1252 740 servata
1290 701 1436 752 integra
1473 701 1573 752 apud
1612 700 1779 739 Plinium
1819 700 1856 738 h.
1889 712 1925 738 n.
1958 698 2001 746 3,
2034 698 2105 745 20,
2139 697 2235 736 136;

443 781 529 830 imp.
557 777 712 816 Caesari
749 775 825 813 (livi
851 774 884 824 f.
907 774 1068 823 Augusto
1100 770 1268 822 pontifici
1303 781 1484 808 iiiaccumo
1515 772 1604 820 imp.
1629 783 1719 807 xlm
1742 769 1915 808 tribnnic.
1944 774 2122 819 potestate
2154 779 2240 804 xm

443 861 471 886 s.
491 859 531 898 p.
555 859 587 898 q.
610 845 670 890 R„
704 842 800 895 qaod
830 845 908 880 eius
938 841 1051 879 (tuctu
1085 840 1328 890 auspiciisque
1357 845 1482 889 yentes
1503 837 1660 888 Alpinae
1682 850 1808 876 omues
1829 850 1923 889 quae
1944 850 1967 876 a
1987 838 2088 875 'mari
2104 846 2238 886 supero

446 916 495 955 ad
524 915 693 966 inferum
721 910 961 962 pertinebant
990 908 1056 947 sub
1087 909 1285 958 imperium
1312 919 1351 958 p.
1374 906 1418 945 R.
1452 913 1538 946 sunt
1569 907 1753 953 redactae,
1785 918 1882 957 quae
1913 911 2045 956 gentes
2074 915 2238 943 numero

445 996 533 1022 xm]
572 982 751 1032 deinceps
789 983 1080 1018 enumerantur.
1141 976 1257 1014 Addit
1286 974 1453 1013 Plinius:
1493 986 1570 1013 non
1608 982 1695 1013 sunt
1731 975 1894 1013 adiectae
1928 973 2120 1013 Cottianae
2149 974 2237 1012 civi—

446 1059 538 1091 tates
575 1063 634 1088 XV
666 1049 739 1100 <sic
775 1047 862 1086 libri
893 1058 1049 1093 omnes,
1085 1045 1200 1084 etiam
1233 1043 1376 1094 Leia),
1415 1056 1507 1095 quae
1542 1054 1621 1082 nou
1650 1044 1808 1093 fuerant
1837 1043 1982 1082 hostiles
2011 1064 2065 1069 —
2096 1039 2241 1079 seilicet

446 1121 517 1159 hae
556 1132 588 1158 a.
613 1117 737 1162 74526
777 1128 954 1155 seorsum
992 1119 1209 1166 posuerunt
1245 1124 1379 1152 arcum
1416 1112 1580 1151 alterum
1622 1111 1833 1162 Segusione
1870 1111 1996 1150 adhuc
2035 1115 2240 1155 extantem,

449 1199 684 1240 quamquam
722 1187 761 1225 in
803 1198 848 1224 eo
879 1188 1158 1223 enumerantur
1195 1181 1366 1220 civitates
1396 1193 1475 1219 non
1505 1193 1563 1227 xv,
1596 1180 1663 1219 sed
1692 1192 1786 1225 x1111,
1819 1186 1857 1219 et
1886 1180 1925 1218 in
1956 1179 2017 1218 his
2049 1191 2113 1217 sex
2145 1189 2242 1229 quae

448 1257 613 1295 redeunt
652 1254 692 1293 111
723 1254 918 1305 Tropaeis.
986 1252 1249 1303 Tropaeorum
1288 1249 1444 1289 titulum
1484 1249 1560 1288 iam
1602 1249 1770 1300 reperies
1800 1248 1841 1287 111
1871 1248 1910 1287 C.
1935 1248 1959 1286 [.
1983 1247 2024 1286 L.
2046 1247 2088 1293 V,
2121 1245 2242 1293 7817,

447 1337 558 1364 arcus
616 1321 910 1374 Segusionensis
958 1320 1100 1359 ibidem
1148 1332 1185 1358 n.
1227 1318 1332 1357 7231
1388 1317 1535 1357 adiecto
1591 1318 1638 1356 ad
1690 1323 1902 1368 utrumque
1951 1314 2242 1355 commentario.

448 1393 623 1433 Domitae
655 1397 784 1431 autem
816 1395 909 1429 sunt
940 1394 1072 1440 gentes
1102 1387 1260 1440 Alpinae
1292 1386 1600 1438 expeditionibus
1631 1386 1914 1438 compluribus:
1946 1384 2127 1423 Varronis
2158 1383 2244 1422 Mu-

449 1475 567 1502 renae
596 1461 637 1500 in
661 1461 832 1500 Salassos
863 1472 896 1498 a.
921 1471 957 1497 u.
980 1471 1011 1496 0.
1036 1456 1116 1496 729
1148 1456 1293 1507 (Strah.
1317 1457 1354 1503 4,
1378 1456 1414 1502 6,
1440 1456 1462 1493 7
1485 1468 1521 1506 p.
1545 1454 1645 1503 2053
1676 1454 1746 1493 Dio
1769 1454 1833 1502 53,
1857 1454 1928 1502 253
1960 1454 2039 1492 Liv.
2062 1466 2120 1505 ep.
2146 1452 2244 1499 135;

450 1531 668 1571 Cassiodor.
701 1529 746 1568 ad
778 1542 810 1567 a.
835 1527 938 1574 7293
969 1527 1076 1566 Suet.
1097 1526 1193 1576 Aug.
1216 1524 1301 1576 21),
1332 1530 1491 1576 propter
1520 1535 1636 1574 quam
1669 1535 1780 1562 arcus
1810 1523 1984 1573 Augusto
2014 1521 2052 1560 111
2085 1521 2244 1572 Alpibus

455 1599 656 1640 dedicatus
701 1603 778 1644 est,
823 1598 987 1635 fortasse
1031 1595 1063 1633 is
1108 1594 1191 1646 ipse
1233 1593 1299 1644 qui
1335 1593 1478 1639 adhuc,
1525 1592 1637 1631 titulo
1677 1598 1804 1630 tamen
1837 1591 2046 1630 destitutus
2077 1590 2248 1629 cernitur

449 1670 643 1720 Augustae
671 1665 890 1705 Praetoriae
910 1664 964 1715 (v.
987 1664 1033 1702 ad
1057 1663 1095 1701 C.
1119 1663 1161 1709 V,
1186 1662 1330 1710 7817),
1360 1661 1401 1700 P.
1427 1661 1508 1701 Silii
1528 1661 1568 1699 in
1591 1660 1813 1699 Camunnos
1835 1666 1873 1698 et
1894 1659 2078 1698 Venostes
2109 1672 2142 1697 a.
2165 1657 2245 1696 738

452 1737 538 1788 (Dio
570 1736 634 1783 54,
667 1734 757 1786 2Ο);
798 1732 942 1772 Tiberii
972 1731 1165 1782 Drusique
1200 1733 1240 1770 in
1270 1731 1410 1769 Raetos
1442 1729 1735 1779 Vindelicosque
1766 1741 1797 1766 a.
1822 1727 1902 1766 739
1936 1728 2054 1775 (Suet.
2076 1726 2172 1777 Aug.
2193 1725 2244 1764 21

452 1805 563 1856 cet.);
595 1809 729 1855 quarta
760 1816 792 1841 a.
817 1802 896 1840 740
927 1800 968 1839 111
990 1800 1150 1851 Ligures
1182 1812 1259 1846 eos,
1292 1799 1356 1850 qui
1389 1799 1577 1850 degebant
1597 1798 1636 1837 in
1664 1797 1825 1848 Alpibus
1848 1796 2052 1835 maritimis
2074 1795 2160 1847 (Dio
2183 1796 2248 1843 54,
2287 1848 2290 1849 γ

452 1874 536 1925 24).
596 1873 697 1911 Bella
734 1871 851 1922 igitur
887 1870 981 1909 haec
1020 1881 1110 1908 cum
1150 1868 1472 1907 continuarentur
1510 1879 1578 1918 per
1614 1879 1735 1905 annos
1771 1865 2009 1917 complures,
2051 1871 2247 1916 tropaeum

452 1949 610 1996 propter
648 1941 814 1980 devictas
853 1944 984 1991 gentes
1020 1937 1178 1989 Alpines
1216 1949 1352 1975 omnes
1383 1935 1623 1986 (011Υο112,
1656 1935 1730 1974 90;
1776 1935 1885 1986 Alpes
1921 1936 2016 1984 feris
2051 1933 2250 1984 multisque

454 2012 666 2051 nationibus
706 2010 863 2049 celebres
894 2006 1142 2059 perdomitae)
1185 2011 1375 2045 statutum
1413 2011 1473 2043 est
1511 2017 1612 2043 anno
1654 2004 1813 2043 demum
1853 1999 1999 2045 74728,
2045 2014 2122 2053 quo
2152 2001 2249 2040 bella

455 2082 571 2120 finem
603 2079 784 2119 videntur
815 2076 1008 2129 accepisse
1038 2074 1238 2127 provincia
1267 2074 1398 2113 Raetia
1429 2073 1651 2112 constituta.

483 2230 568 2256 LAT.
592 2217 628 2262 5,
651 2228 684 2255 1-1
708 2228 740 2254 15
779 2214 927 2264 Cla[ssis
946 2226 1029 2252 mea
1044 2225 1115 2264 per
1132 2211 1334 2260 Oceanum]
1357 2211 1403 2250 ab
1426 2211 1523 2250 estio
1540 2209 1664 2249 Rheni
1687 2209 1733 2248 ad
1755 2208 1846 2248 solis
1868 2206 2249 2258 0110111151·οῗςί0110111

705 2330 711 2337 ·
776 2296 899 2334 usque
931 2283 978 2322 ad
1009 2282 1114 2332 libies
1147 2280 1408 2329 Cimbrorulm
1440 2279 1641 2330 navigavit,
1676 2280 1719 2328 [ξ]
1753 2278 1830 2328 quo
1852 2290 1977 2327 neque
1998 2282 2100 2315 terra
2126 2289 2252 2327 neque

706 2366 738 2392 16
778 2351 782 2403 Ι
815 2351 913 2391 inari
953 2350 1159 2402 quisquam
1190 2349 1389 2388 Romanus
1419 2354 1507 2387 ante
1536 2348 1575 2386 id
1605 2354 1758 2398 tempus
1789 2346 1878 2392 adit,
1908 2348 1930 2393 ξ
1961 2344 2184 2396 Cimbrique
2214 2351 2253 2383 et

705 2434 738 2460 1τ
776 2420 968 2472 Charydes
995 2418 1001 2473 1
1029 2425 1065 2458 et
1091 2420 1304 2458 Semnones
1335 2424 1373 2456 et
1403 2417 1576 2456 eiusdem
1608 2416 1752 2455 tractus
1783 2415 1845 2454 alii
1867 2414 2149 2453 Germanorum
2180 2426 2251 2465 po-

710 2502 742 2528 18
778 2488 886 2541 puffli
916 2501 985 2540 per
1015 2488 1159 2538 legatos
1191 2485 1409 2530 amiciltiam
1440 2497 1566 2524 meam
1598 2490 1636 2523 et
1662 2483 1795 2535 populi
1815 2483 1978 2522 Romani
2000 2483 2207 2534 petierunt.
2229 2483 2252 2530 ξ

486 2560 629 2606 (10.14,
652 2572 685 2598 10
710 2572 739 2598 11
778 2554 939 2604 Στόλος
966 2555 970 2609 l
999 2554 1100 2609 ἐμὸς
1140 2554 1216 2594 διὰ
1247 2551 1450 2593 Ὠκεανοῦ
1489 2550 1578 2593 ἀπὸ
1622 2549 1834 2604 σῑόματος
1860 2549 2008 2604 Ῥήνου
2047 2548 2103 2597 ὡς
2143 2548 2253 2602 πρὸς

652 2638 740 2666 1213
780 2622 784 2668 l
818 2623 1031 2671 ἀνατολὰς
1061 2625 1186 2677 μέχρι
1219 2621 1377 2669 ἔθνους
1413 2623 1618 2675 Κίμβρων
1649 2617 1918 2667 διέπλευσεν,
1951 2614 2001 2659 οὗ
2031 2620 2113 2670 (sic)
2145 2616 2254 2666 οὕίτε

708 2707 741 2735 14
779 2692 888 2733 κατὰ
908 2694 984 2746 γῆν
1015 2690 1113 2732 οὔτε
1143 2690 1251 2732 κατὰ
1273 2691 1508 2731 θάλασσαν
1524 2688 1748 2742 Ῥωμαίων
1768 2703 1834 2735 ’τις
1856 2687 1940 2742 πρὸ
1969 2687 1974 2740 1
2000 2684 2156 2728 τούτου
2177 2687 2252 2727 τοῦ

707 2776 741 2803 15
777 2760 933 2815 χρόνου
958 2760 1213 2814 προσῆλθεν
1241 2759 1313 2799 καὶ
1335 2760 1530 2813 Κίμβροι
1563 2758 1634 2797 καὶ
1654 2756 1865 2809 Χάλυῗβες
1887 2757 1974 2808 (sic)
1996 2756 2067 2796 καὶ
2091 2758 2253 2809 Σέμνο-

709 2845 740 2871 10
778 2845 845 2877 νες
877 2828 988 2869 ἄλλα
1017 2845 1062 2869 τε
1094 2824 1239 2869 πολλοὶ
1268 2827 1376 2882 ἔθνη
1402 2828 1632 2880 Γερμανῶν
1658 2825 1662 2879 1
1691 2824 1767 2865 διὰ
1788 2826 2033 2877 πρεσβειῶν
2052 2824 2128 2878 τὴν
2149 2822 2254 2878 ἐμήν

711 2913 742 2939 17
781 2898 936 2953 φιλίαν
967 2898 1039 2937 καὶ
1070 2897 1146 2951 τὴν
1177 2894 1316 2950 δήμου
1343 2894 1579 2949 Ῥωμαίων
1610 2891 1822 2949 ἠῑήσαντο
1853 2895 1953 2944 (sic).

458 2969 563 3008 Inter
597 2981 713 3021 usque
743 2968 792 3007 ad
821 2974 860 3007 et
889 2970 1078 3018 nam'yavit
1109 2967 1202 3018 quid
1233 2966 1490 3018 supplendum
1522 2965 1583 3012 sit,
1613 2976 1718 3003 nunc
1750 2965 1908 3004 demum
1939 2963 2080 3002 Graeca
2109 2962 2252 3001 docue-

460 3044 553 3076 runt
583 3036 799 3088 adsumptis
829 3035 1001 3087 reliquiis
1033 3035 1177 3074 Latinis
1207 3048 1306 3073 Anu
1339 3034 1539 3084 (deficiunt
1569 3034 1640 3073 litt.
1663 3035 1719 3083 x);
1751 3043 2076 3084 proposueramus
2107 3042 2175 3081 ego
2203 3029 2252 3068 ad
