2227 3452
1835 162 1943 198 XVII

153 284 460 338 praeferendum,
492 283 646 322 Paullus
668 283 791 321 Lucas
821 281 928 321 iussu
952 280 1134 320 Ludovici
1154 280 1237 318 xlv
1268 286 1351 318 tum
1375 281 1512 320 Galliae
1544 283 1643 333 regis
1675 283 1722 322 ob
1753 283 1791 321 id
1812 282 1941 334 ipsum

154 354 295 393 missus
327 353 515 404 Ancyram
553 364 631 390 non
668 350 808 403 perite,
846 350 913 389 sed
953 362 1041 388 eum
1080 349 1154 387 fide
1192 354 1230 387 et
1269 348 1464 399 diligentia
1495 362 1724 401 summaque
1755 349 1943 402 propositi

156 421 371 461 constantia
402 421 551 472 primus
582 424 880 459 monumentum
914 424 1036 457 totum
1070 417 1284 469 descripsit.
1330 417 1379 456 At
1400 417 1523 456 Lucas
1554 431 1787 469 quamquam
1820 419 1942 458 multa

152 490 296 530 addidit
339 489 652 540 emendzwitque,
698 495 827 527 tamen
874 487 1092 538 exemplum
1139 492 1176 525 et
1219 485 1348 537 ipsum
1394 498 1464 524 nec
1505 486 1660 537 plenum
1701 487 1774 525 fuit
1818 500 1943 538 neque

152 559 346 598 erroribus
377 558 563 606 immune,
595 570 665 596 nec
695 557 775 596 sine
806 568 919 595 causa
951 555 1196 594 mirabuntur
1227 553 1372 605 posteri
1401 554 1577 593 omnium
1608 554 1811 594 nationum
1842 555 1942 593 viros

154 628 288 666 doctos
319 640 387 678 per
418 640 539 666 annos
561 627 647 678 plus
669 631 861 665 trecentos
882 627 1024 663 frustra
1046 623 1289 669 laboravisse,
1323 628 1365 661 111
1385 635 1526 674 paucae
1548 623 1707 674 paginae
1728 623 1884 662 Latinae
1904 623 1945 661 in

152 696 240 735 Asia
272 695 420 735 minore
451 695 602 749 publice
632 700 850 746 prostantes
881 700 982 732 recte
1014 692 1336 731 describerentur.
1378 691 1490 730 Anno
1521 692 1678 731 demum
1713 691 1816 730 1861
1841 691 1944 742 quod

156 771 213 804 tot
234 778 368 817 regum
401 764 665 816 generationes
696 769 762 802 aut
791 762 1004 813 ignorantia
1036 774 1104 800 sua
1135 766 1202 800 aut
1231 759 1379 798 incuria
1411 762 1534 799 facere
1555 760 1813 811 neglexerant,
1844 759 1883 798 in
1906 772 1945 798 se

153 835 322 886 suscepit
361 834 527 886 Napoleo
567 833 616 871 Ill
655 831 849 871 Gallorum
902 831 1113 883 imperator
1148 829 1356 881 perficique
1396 829 1509 868 iussit
1547 829 1643 868 bene
1681 835 1815 880 coepta
1854 828 1945 866 olim

152 903 332 955 auspiciis
354 902 535 942 Ludovici
555 901 650 940 XIV.
702 901 756 939 Ita
788 901 896 939 iussu
928 900 1049 946 illius,
1081 912 1173 938 cura
1205 904 1331 937 autem
1364 904 1401 936 et
1423 897 1617 949 diligentia
1640 897 1790 948 Georgii
1812 897 1946 936 Perrot

153 977 190 1010 et
220 971 413 1010 Edmundi
450 971 663 1010 Guillaume
702 968 812 1007 1101115
852 968 989 1007 litteris
1027 967 1145 1006 trium
1185 966 1427 1005 saeculorum
1468 966 1640 1005 debitum
1681 967 1834 1005 tandem
1877 966 1947 1005 ali-

153 1037 308 1087 quando
340 1037 558 1075 exsolutum
597 1041 655 1074 est
686 1035 970 1085 babuimnsque
1005 1039 1156 1085 praeter
1187 1034 1375 1071 Graecum
1407 1032 1621 1083 expletum,
1665 1032 1710 1070 de
1741 1045 1817 1082 quo
1848 1031 1947 1070 insra

152 1103 311 1150 dicetur,
342 1103 460 1155 partis
493 1103 648 1142 Latinae
680 1103 941 1153 apographum
975 1102 1167 1153 integrum
1201 1108 1238 1140 01
1270 1101 1447 1152 probum.

285 1172 360 1211 Sed
400 1172 617 1222 exemplum
660 1183 777 1209 manu
814 1171 1050 1222 descriptum
1091 1171 1178 1209 licet
1219 1169 1511 1220 diligentissime
1548 1169 1587 1207 in
1619 1170 1690 1208 1100
1721 1169 1831 1208 111010
1863 1170 1946 1207 suf-

154 1240 265 1278 ficere
296 1252 374 1278 non
410 1245 559 1291 poterat
589 1246 627 1278 01
659 1239 883 1277 Latinorum
917 1239 1092 1277 omnimn
1124 1238 1307 1290 primario
1339 1244 1377 1276 01
1407 1237 1631 1276 difficillimo
1663 1238 1708 1276 ad
1739 1237 1943 1288 legendum

153 1314 191 1346 et
221 1308 491 1359 supplendum.
553 1308 676 1354 Quam
709 1307 756 1345 ob
788 1320 868 1346 rem
902 1320 988 1346 011111
1022 1307 1197 1358 egregius
1229 1307 1443 1345 litterarum
1475 1312 1696 1345 nostrarum
1729 1306 1881 1345 adiutor
1911 1312 1949 1345 et

152 1382 381 1428 propagator
413 1377 569 1415 Carolus
599 1376 780 1415 llumann
813 1376 998 1427 Smyrnae
1039 1376 1178 1427 degens
1210 1375 1431 1414 Berolinum
1465 1375 1705 1422 advenisset,
1748 1375 1948 1427 splendido

153 1457 334 1484 successu
373 1445 626 1497 expeditionis
663 1452 818 1484 nostrae
855 1445 1114 1495 Pergamenae
1153 1444 1334 1483 incitatus
1381 1456 1467 1482 cum
1507 1457 1551 1482 eo
1588 1457 1698 1495 agere
1738 1444 1867 1496 coepi,
1906 1450 1949 1483 ut

152 1514 263 1564 quale
294 1514 462 1553 osticium
503 1515 596 1553 artis
637 1514 816 1564 antiquae
855 1513 1037 1552 studiosis
1075 1513 1350 1565 praestitisset,
1394 1513 1456 1552 tali
1496 1513 1610 1551 etiam
1643 1526 1708 1552 005
1739 1513 1947 1560 adiuvaret,

152 1582 218 1633 qui
249 1596 309 1621 res
333 1583 524 1622 Romanas
557 1583 757 1634 explorant
788 1583 1130 1634 exploralmntque,
1163 1589 1199 1621 01
1230 1582 1512 1634 expeditionem
1545 1582 1701 1621 alteram
1735 1582 1950 1633 susciperet

154 1651 200 1689 ad
232 1658 409 1703 eetypum
443 1665 670 1704 gypsacetnn
705 1651 822 1691 totius
855 1652 1099 1691 monumenti
1130 1650 1320 1703 Ancyrani
1352 1650 1634 1689 conficiendum
1666 1658 1705 1690 et
1726 1651 1946 1690 Berolinum

153 1720 507 1759 transmittemlum.
568 1721 695 1759 Motus
740 1721 772 1759 is
811 1734 963 1761 summa
1006 1722 1060 1761 rei
1093 1721 1268 1767 utilitate,
1301 1720 1542 1771 aliquatenus
1574 1719 1667 1758 item
1699 1719 1836 1771 opinor
1866 1719 1948 1771 ipsa

153 1788 376 1828 dil'lieultate
419 1803 457 1828 se
495 1796 670 1841 paratum
711 1802 794 1829 esse
835 1791 1054 1842 respondit,
1096 1803 1172 1841 quo
1210 1792 1311 1828 facto
1343 1795 1381 1827 01
1411 1788 1604 1827 academia
1636 1795 1766 1828 nostra
1799 1801 1949 1827 memor

153 1858 269 1897 debiti
300 1859 448 1910 antiqui
480 1859 810 1898 Mordtimumiana
850 1860 1052 1905 missione,
1092 1860 1136 1898 de
1169 1872 1242 1909 qua
1274 1859 1370 1896 infra
1403 1858 1569 1904 dicetur,
1607 1857 1795 1897 contracti
1827 1857 1947 1908 magis

153 1939 268 1976 quam
300 1927 498 1978 persoluti,
531 1934 568 1966 et
599 1927 664 1978 qni
696 1940 830 1966 museo
864 1934 996 1967 nostro
1028 1934 1215 1980 praesunt
1246 1940 1321 1965 non
1356 1926 1477 1977 ignari
1508 1939 1622 1977 quam
1656 1926 1750 1965 utile
1771 1928 1946 1965 futurum

152 2001 253 2033 esset
284 1996 446 2046 Augusti
483 1995 804 2034 commentarium
845 1996 897 2034 sic
934 1998 1011 2035 fere
1043 2003 1086 2035 ut
1115 1996 1154 2034 in
1187 1995 1297 2034 Asiae
1328 1995 1590 2047 penetralibus
1622 1995 1793 2034 cernitur
1824 1995 1946 2047 palam

152 2062 191 2101 in
233 2063 303 2102 1100
338 2070 470 2103 1105110
511 2064 725 2103 1111010111111
766 2064 854 2102 sede
892 2065 1068 2103 omnium
1108 2064 1227 2103 oeulis
1258 2064 1297 2102 in
1330 2070 1558 2115 perpetuum
1596 2063 1772 2115 proponi,
1804 2062 1948 2114 petenti

155 2131 251 2170 mihi
282 2131 442 2183 benigne
475 2139 750 2171 concesserunt
780 2146 876 2183 quae
899 2134 945 2172 ad
967 2146 1048 2172 rem
1073 2133 1342 2184 perficiendam
1366 2132 1674 2183 requirebantur.
1716 2132 1948 2171 Ilumannus

153 2207 281 2239 autem
320 2214 393 2251 qua
432 2207 490 2240 est
530 2201 696 2240 sollertia
728 2201 897 2252 primum
931 2202 1117 2240 rationem
1151 2200 1378 2251 excogitavit
1408 2201 1640 2241 laminarum
1673 2212 1947 2252 gypsacearum

153 2269 264 2308 solito
303 2269 522 2308 tenuiorum
562 2277 599 2309 et
639 2270 824 2308 leviorum
867 2271 916 2309 ita
958 2270 1302 2315 contieielnlarum,
1344 2276 1387 2308 ut
1424 2270 1580 2309 cistellis
1611 2269 1747 2321 ligneis
1778 2269 1948 2309 inclusae

151 2350 220 2388 per
256 2337 428 2376 iumenta
466 2344 548 2377 tuto
586 2340 847 2389 1101·1“01001111;
888 2338 1024 2377 deinde
1055 2338 1245 2389 Ancyram
1283 2341 1478 2389 profectus
1511 2352 1578 2391 per
1609 2339 1688 2378 dies
1720 2338 1788 2377 lul.
1814 2337 1947 2376 1—24

153 2418 185 2444 a.
211 2405 316 2445 1882
348 2407 544 2457 negotium
578 2407 650 2445 sibi
682 2407 905 2446 mandatum
938 2414 1095 2446 strenue
1128 2406 1287 2445 sollicite
1318 2406 1480 2445 feliciter
1510 2407 1709 2458 peregitl).
1772 2407 1826 2445 110
1857 2418 1949 2444 0011-

155 2480 236 2512 tum
278 2475 484 2526 nonaginta
524 2482 707 2526 quattuor
744 2476 907 2515 laminae
947 2488 1151 2527 gypsaceae
1190 2475 1339 2526 Ancyra
1380 2476 1563 2514 Brussam
1603 2475 1774 2514 terrestri
1811 2474 1950 2514 itinere

155 2543 402 2582 transmissae
441 2544 500 2583 die
543 2544 647 2596 Sept.
680 2546 722 2583 15
761 2547 852 2583 anni
895 2545 1066 2583 eiusdem
1107 2545 1145 2583 111
1188 2556 1367 2582 11111500111
1400 2544 1645 2583 Βο10111101150
1677 2550 1948 2596 pervenerunt,

156 2609 221 2648 ubi
250 2610 325 2649 iam
357 2611 460 2662 ipsae
491 2612 564 2651 sub
595 2613 688 2652 clavi
720 2613 1004 2652 custodiuntur.
1056 2613 1290 2652 Tabularum
1322 2625 1367 2651 ex
1389 2612 1614 2651 matricibus
1634 2611 1681 2651 iis
1705 2617 1947 2664 sumptarum

155 2679 342 2729 quaedam
372 2679 521 2730 publice
542 2680 582 2719 in
605 2694 738 2721 museo
762 2683 958 2733 expositae
981 2688 1089 2728 sunt,
1123 2681 1345 2720 universum
1370 2686 1665 2719 11101111111011111111
1689 2680 1866 2719 similiter
1887 2693 1950 2718 re-

156 2747 428 2786 concinnatum
460 2754 542 2786 tum
564 2758 815 2801 proponetur,
838 2764 925 2790 cum
950 2751 1068 2803 spatia
1093 2751 1218 2789 musei
1239 2749 1418 2801 ampliata
1440 2748 1669 2800 expositioni
1690 2748 1724 2787 ei
1745 2749 1949 2787 sufficient.

288 2814 355 2853 His
386 2816 528 2867 ectypis
559 2817 691 2857 adlatis
723 2832 958 2870 quamquam
991 2819 1163 2871 exempla
1195 2825 1283 2858 ante
1314 2817 1950 2869 5010111010011110150111111011110

157 2885 253 2922 sacta
291 2890 403 2930 sunt,
440 2884 693 2925 nihilominus
729 2900 807 2926 non
848 2888 1006 2927 omnino
1043 2888 1089 2926 iis
1129 2900 1256 2927 carere
1291 2899 1500 2939 possumus
1532 2892 1688 2937 propter
1717 2886 1821 2924 locos
1853 2886 1949 2925 duos

159 2954 195 2998 5,
219 2953 382 2993 34-48
415 2959 453 2992 et
484 2954 520 3001 6,
546 2955 664 3002 1-6,
696 2969 792 3007 quos
824 2956 891 3007 qui
922 2956 1012 2995 olim
1045 2956 1333 3009 descripserunt
1354 2956 1484 2995 minus
1506 2954 1751 3006 imperfectos
1774 2954 1951 2993 viderunt

290 3115 317 3153 ¹)
343 3113 516 3147 ltinerarii
541 3114 704 3147 Humanni
730 3120 855 3157 partem
880 3117 942 3148 hue
968 3117 1189 3159 pertinentem
1215 3116 1319 3159 ipsam
1346 3115 1432 3148 infra
1457 3115 1605 3157 reperies
1630 3125 1658 3157 11.
1684 3125 1789 3146 xxvn1.

1709 3171 1739 3204 B
