2227 3452
904 165 967 209 VI,
998 167 1084 201 1—3
1807 168 1886 208 137

94 290 196 342 quod
239 287 375 328 scribit
412 289 527 327 huius
568 288 646 326 aevi
686 292 818 325 auctor
854 285 1026 325 Isidorus
1064 286 1305 325 Charaeenus
1345 286 1590 324 mansionum
1622 286 1889 326 Parthicarum

94 372 126 398 c.
152 360 170 396 1
205 358 269 409 (cf.
293 356 427 395 Muller
457 356 495 394 in
518 356 636 407 praef.
659 355 731 393 vol.
758 356 775 392 1
811 367 936 406 geogr.
967 354 1062 393 min.
1085 368 1121 406 p.
1144 354 1307 404 Lxxx11):
1340 352 1468 406 νῆσος
1495 353 1604 393 κατὰ
1626 354 1699 394 τὸν
1714 352 1889 408 Εὐφρά-

93 441 170 480 την
202 457 235 465 ..
257 456 265 464 .
307 423 501 465 ἐνταῦθα
538 421 648 473 γάζα
693 419 744 476 ἦν
781 420 984 475 Φραάτου
1022 424 1097 462 Τοῦ
1129 419 1467 475 ἀποσᾳῑὶξαιιτος
1497 418 1574 468 τὰς
1605 421 1889 470 παλλακίδας,

94 492 164 534 ὅτε
192 490 434 546 Τηριδεὲτης
466 491 604 545 φυγάς
637 489 694 531 ὥν
725 490 961 543 εἰσέβαλεν.
1012 492 1122 538 Quod
1156 492 1187 530 si
1209 504 1346 531 uxores
1368 491 1552 530 Phraates
1576 497 1657 529 tum
1682 492 1889 538 interemit,

93 576 139 602 ne
162 575 181 601 a
203 562 372 600 Tiridate
393 567 634 612 caperentur,
668 573 744 598 non
767 559 941 599 absimile
964 559 1042 598 veri
1065 566 1123 598 est
1145 560 1216 598 hae
1237 559 1319 610 ipsa
1342 559 1562 598 incursione
1585 560 1688 598 hune
1710 561 1786 599 filio
1808 561 1889 599 eius

94 631 258 683 potitum
283 643 379 676 esse,
411 642 526 681 (suem
551 635 648 668 teste
670 629 817 668 Iustino
839 628 1103 679 neglegentius
1125 628 1363 667 custoditum
1387 628 1526 679 rapuit.
1550 652 1600 655 —
1624 628 1679 666 Ad
1701 628 1736 666 id
1760 629 1887 680 ipsum

93 702 257 739 fortasse
296 705 444 751 spectat
481 699 583 750 quod
621 699 694 737 hoe
734 698 817 736 loco
862 698 1058 748 Augustus
1096 697 1231 736 scribit
1268 697 1488 748 confugisse
1525 697 1568 736 ad
1609 711 1649 735 se
1685 697 1889 735 Phraatem

93 770 193 819 regis
232 767 407 806 Phraatis
447 767 581 805 filium.
651 766 743 806 Eius
780 766 951 805 nominis
994 779 1093 804 unus
1135 771 1283 804 tantum
1323 772 1438 805 notus
1477 773 1552 811 est,
1591 765 1735 804 scilieet
1766 766 1796 804 is
1827 766 1893 816 qui

93 849 181 876 cum
214 836 399 875 fratribus
432 836 556 874 tribus
588 836 700 874 obses
731 848 751 874 a
783 841 888 887 patre
920 834 1063 873 missus
1095 840 1154 873 est
1174 834 1337 873 Romam
1370 848 1401 873 e.
1424 848 1455 873 a.
1480 836 1560 873 745
1593 836 1643 886 (v.
1667 848 1702 886 p.
1730 835 1822 882 140)
1855 841 1893 873 et

94 911 182 958 post
223 918 346 944 annos
385 905 472 955 plus
510 904 760 956 quadraginta
799 918 831 942 a.
854 918 890 955 p.
913 904 952 942 C.
976 904 1027 942 35
1066 903 1217 942 Parthis
1257 916 1383 954 regem
1423 904 1642 955 petentibus
1681 916 1700 942 a
1740 903 1892 942 Tiberio

94 974 267 1013 redditus
299 974 404 1024 (Tae.
436 974 683 1020 31111.6,31;
723 973 791 1011 Dio
815 972 879 1019 58,
906 972 985 1022 16).
1043 972 1092 1010 At
1131 972 1177 1010 de
1214 973 1379 1011 adventu
1412 972 1493 1011 eius
1524 986 1556 1011 a.
1581 973 1659 1011 745
1700 973 1772 1011 hoe
1809 973 1891 1011 loco

93 1042 250 1094 cogitari
282 1043 435 1094 nequit3
474 1056 598 1094 neque
630 1043 732 1081 enim
765 1041 937 1092 eontugit
969 1047 1050 1080 tum
1083 1041 1128 1079 ad
1159 1041 1377 1092 Augustum
1412 1054 1481 1080 nec
1512 1042 1701 1081 rationem
1735 1041 1894 1080 haberet

93 1125 138 1150 ex
169 1117 354 1163 quattuor
384 1111 568 1150 fratribus
602 1124 720 1149 unum
755 1124 826 1149 nec
856 1116 949 1149 natu
983 1109 1193 1148 maximum
1223 1110 1325 1159 (Tac.
1349 1123 1436 1149 31111.
1462 1110 1498 1157 2,
1532 1111 1573 1161 2)
1607 1111 1655 1149 ita
1687 1110 1891 1157 nominari,

94 1193 183 1219 cum
215 1180 442 1231 praesertim
476 1180 602 1231 paullo
633 1186 722 1231 post
752 1179 837 1218 data
869 1191 981 1230 opera
1014 1179 1058 1217 de
1082 1178 1280 1217 obsidibus
1304 1179 1413 1229 regiis
1434 1186 1579 1230 agatur.
1623 1179 1739 1218 Filius
1762 1186 1891 1217 autem

95 1249 269 1287 Phraatis
301 1255 394 1287 natu
428 1249 613 1287 minimus
644 1261 758 1299 quem
792 1262 811 1286 a
843 1248 1010 1287 Tiridate
1032 1248 1217 1287 Romanis
1250 1248 1435 1287 traditum
1467 1262 1551 1287 esse
1575 1249 1688 1287 modo
1711 1248 1891 1295 diximus,

93 1330 181 1357 cum
220 1330 297 1368 quo
330 1317 487 1356 nomine
518 1317 633 1355 fuerit
665 1317 878 1368 ignoretur,
918 1316 1013 1354 nihil
1044 1316 1218 1368 impedit,
1251 1317 1461 1367 quominus
1503 1317 1602 1355 idem
1644 1317 1776 1363 suerit,
1818 1317 1893 1355 ita-

93 1399 167 1438 que
212 1386 258 1425 ad
304 1385 385 1424 eius
425 1386 631 1424 adventum
677 1386 843 1437 priorem
884 1386 987 1424 hunc
1024 1386 1150 1423 locum
1192 1385 1419 1424 rettulerim.
1487 1386 1540 1424 Ita
1582 1385 1760 1425 convenit
1790 1387 1893 1437 quod

94 1454 228 1493 scribit
257 1454 455 1505 Augustus
477 1454 679 1492 Phraatem
714 1454 833 1492 lilium
869 1453 1017 1491 venisse
1050 1454 1096 1492 ad
1129 1467 1169 1492 se
1200 1461 1289 1505 post
1310 1454 1533 1492 'l‘iridaten‘r
1586 1455 1684 1492 Sane
1716 1454 1786 1492 alia
1814 1467 1891 1492 11011

93 1522 351 1562 conveniunt:
393 1535 481 1560 113111
522 1523 734 1561 seeundum
780 1530 983 1561 auctorum
1027 1523 1286 1561 narrationem
1322 1536 1418 1574 puer
1454 1523 1515 1561 hic
1547 1523 1644 1573 regis
1677 1523 1776 1561 {ilius
1809 1523 1892 1569 suit,

93 1605 171 1631 non
212 1604 277 1629 rex
308 1591 560 1633 Parthorum,
600 1604 668 1630 nec
710 1591 884 1641 confugit
922 1592 967 1630 ad
999 1592 1235 1642 Augustum,
1280 1592 1344 1630 sed
1385 1592 1419 1630 vi
1457 1599 1590 1643 raptus
1627 1593 1671 1630 ad
1705 1606 1791 1631 eum
1825 1592 1894 1631 ad-

94 1662 233 1700 ductus
264 1666 335 1706 est,
369 1666 412 1698 ut
444 1660 593 1698 mittam
626 1673 715 1699 euin
748 1660 798 1699 ita
831 1660 988 1699 rediisse
1020 1660 1058 1698 in
1090 1661 1252 1712 patriam
1286 1663 1363 1699 tere
1396 1661 1756 1712 septuagenarium,
1789 1662 1891 1712 quod

95 1743 181 1769 vere
213 1729 478 1769 difficultatem
512 1741 589 1767 11011
622 1729 748 1768 babet.
801 1730 848 1768 At
869 1729 1058 1768 Tiridates
1090 1736 1242 1780 raptum
1271 1729 1321 1767 ita
1347 1736 1470 1779 tegere
1493 1730 1630 1781 potuit,
1664 1736 1707 1768 ut
1727 1743 1890 1781 puerum

95 1798 315 1850 perhiberet
346 1804 481 1849 sponte
513 1798 665 1836 Caesari
698 1812 737 1836 se
772 1798 938 1844 tradere3
975 1798 1099 1849 potnit
1131 1800 1310 1843 sortasse,
1348 1811 1438 1836 cum
1471 1798 1697 1849 praesertim
1730 1798 1802 1850 ipsi
1834 1798 1894 1836 ius

94 1868 132 1906 in
165 1879 325 1918 regnum
361 1866 634 1905 hereditarium
668 1867 818 1905 nullum
852 1873 953 1905 esset
976 1866 1201 1915 (Tiridatem
1234 1868 1441 1918 quendam,
1477 1866 1572 1906 τινὰ
1603 1874 1780 1906 auctores
1803 1881 1892 1905 eum

94 1937 220 1975 dicere
258 1935 459 1985 vidimus),
500 1948 587 1973 eum
621 1948 741 1986 puero
774 1948 817 1973 eo
851 1948 1010 1986 regnum
1045 1936 1233 1986 spondere
1266 1950 1350 1975 sese
1382 1936 1762 1975 comniunicaturum
1796 1949 1892 1975 esse.

95 2006 200 2051 Quae
239 2004 271 2043 si
310 2004 361 2043 ita
399 2004 445 2042 ad
478 2004 693 2054 Augustum
735 2004 944 2049 referebat,
991 2011 1203 2055 potuerunt
1244 2005 1300 2043 vel
1341 2006 1435 2043 adeo
1473 2005 1693 2044 debuerunt
1725 2005 1817 2043 haee
1847 2004 1893 2043 ab

94 2074 268 2124 Augusto
307 2072 354 2111 ita
394 2072 542 2111 narrari
581 2079 622 2111 ut
662 2075 803 2111 {aetium
843 2080 912 2111 est.
952 2096 1004 2100 ᾈ-
1043 2073 1237 2112 Dirersam
1277 2074 1375 2112 viam
1415 2075 1613 2125 ingressus
1650 2074 1893 2113 Bormaunus

94 2141 257 2181 coniecit
275 2141 479 2180 Phraaten}
513 2142 616 2179 hunc
646 2154 734 2179 cum
767 2155 863 2188 esse,
896 2155 1009 2192 quem
1033 2141 1220 2192 Iosephus
1252 2144 1345 2189 (ant.
1375 2142 1434 2187 18,
1468 2143 1504 2187 2,
1537 2144 1580 2192 4)
1606 2149 1642 2181 et
1663 2143 1732 2181 Dio
1760 2144 1893 2194 (supra

95 2224 130 2263 p.
156 2210 232 2249 113
265 2216 344 2249 not.
367 2211 407 2252 3)
430 2210 677 2248 Phraatacem
711 2211 914 2261 appellant,
947 2211 1045 2261 regis
1067 2211 1242 2249 Phraatis
1273 2211 1395 2250 filium
1428 2213 1590 2251 nothum
1623 2218 1662 2251 et
1691 2226 1893 2251 successo-

94 2292 198 2326 re1n;
231 2292 318 2317 nam
351 2279 426 2317 duo
458 2278 614 2317 nomina
646 2278 817 2317 eiusdem
853 2282 928 2317 t'ere
961 2279 1252 2330 significationis
1283 2280 1515 2319 commutari
1543 2281 1715 2333 potuisse
1737 2288 1775 2320 et
1795 2294 1893 2332 quae

95 2349 140 2387 de
181 2347 284 2387 exitu
316 2347 535 2386 Phraataeis
566 2348 752 2399 Iosephus
784 2355 913 2387 narrat
945 2346 1111 2394 (accim
1144 2348 1429 2401 nsotsstaffsig
1462 2347 1672 2402 πρότερον
1702 2348 1726 2403 ἢ
1758 2350 1891 2402 (psalm

94 2413 226 2469 μέγας
258 2415 467 2461 ἐξέπιπτε
497 2416 581 2455 τῶν
613 2413 880 2468 πραγμάιων
911 2416 981 2455 καὶ
1018 2413 1127 2457 οὕτω
1160 2415 1584 2469 31217'6251)cuinfuga
1607 2419 1651 2457 ad
1674 2420 1891 2469 Augustum

96 2498 208 2537 posse
240 2484 447 2524 conciliari.
498 2485 590 2523 Mihi
622 2486 713 2524 haee
744 2485 963 2524 coniectura
995 2486 1108 2524 etiam
1142 2487 1323 2525 audacior
1354 2487 1504 2526 videtur
1525 2501 1639 2538 quam
1665 2500 1779 2539 supra
1802 2501 1893 2539 pro-

96 2553 219 2606 posita
259 2554 458 2593 temeraria
499 2567 590 2593 sane
629 2561 666 2593 et
702 2554 793 2606 ipsa.
866 2554 961 2593 Nam
995 2555 1151 2593 nomina
1184 2555 1338 2607 propria
1369 2569 1604 2607 quamquam
1639 2557 1739 2595 idem
1771 2555 1893 2607 signi-

97 2624 233 2669 ficent,
279 2623 377 2674 apud
417 2623 581 2662 Parthos
635 2636 712 2661 non
760 2624 880 2674 magis
917 2636 1033 2674 quam
1071 2624 1170 2675 apud
1208 2624 1403 2663 Romanos
1443 2625 1654 2676 permutari
1691 2625 1893 2663 Eduardus

99 2692 246 2731 Sachau
275 2691 416 2742 collega
438 2692 484 2730 de
505 2706 547 2730 ea
570 2705 609 2730 re
632 2692 891 2743 interrogatus
913 2692 1123 2744 respondit.
1176 2692 1318 2731 Deinde
1341 2706 1407 2732 rex
1428 2694 1661 2733 Parthorum
1684 2692 1892 2744 legitimus,

97 2760 219 2812 qualis
242 2759 323 2798 sine
345 2759 461 2798 dubio
483 2760 711 2799 Phraataces
742 2761 826 2807 fuit,
859 2762 1122 2800 Romanorum
1156 2775 1224 2813 per
1255 2763 1474 2814 complures
1505 2776 1626 2801 annos
1653 2761 1893 2800 adversarius

99 2829 130 2868 si
151 2829 334 2867 Romanis
366 2841 406 2866 se
437 2829 664 2876 dedidisset,
696 2829 732 2867 id
766 2831 904 2881 opinor
935 2842 1011 2868 non
1042 2829 1322 2880 ignoraremus.
1355 2854 1408 2858 —
1439 2832 1494 2870 Ad
1529 2839 1681 2882 tempus
1710 2830 1814 2881 quod
1835 2836 1894 2869 at-

100 2897 211 2943 tinet,
243 2897 428 2935 differunt
458 2897 618 2936 omnino
650 2897 718 2936 Dio
755 2904 793 2936 et
823 2897 1013 2943 Iustinus,
1053 2898 1119 2936 sed
1159 2903 1200 2936 ut
1236 2900 1342 2938 facile
1380 2900 1646 2939 concilientur.
1715 2898 1810 2937 Nam
1851 2905 1893 2937 ut

98 2968 209 3016 fugae
240 2965 418 3004 Tiridatis
450 2978 593 3004 annum
627 2966 695 3004 Dio
727 2972 828 3004 reete
862 2966 1027 3013 tradidit,
1059 2966 1110 3005 ita
1141 2967 1187 3005 de
1217 2967 1299 3006 eius
1331 2969 1567 3020 profectione
1597 2969 1642 3007 ad
1674 2968 1893 3018 Augustum

99 3046 186 3073 cum
219 3033 296 3072 lilio
328 3033 503 3073 Phraatis
534 3035 728 3074 Iustinum
768 3034 897 3087 potius
940 3048 1170 3086 sequemur,
1214 3038 1426 3076 secundum
1470 3050 1586 3089 quem
1617 3036 1806 3075 Tiridates
1846 3036 1893 3075 ad

101 3103 300 3142 Caesarem
332 3103 437 3142 venit
466 3106 505 3142 in
526 3103 708 3155 Hispania
740 3104 877 3144 bellum
908 3113 987 3145 tum
1016 3107 1194 3157 temporis
1221 3113 1420 3158 yeremem,
1452 3105 1490 3145 id
1521 3111 1580 3144 est
1609 3117 1709 3144 anno
1732 3104 1813 3144 728
1836 3105 1894 3144 vel
