2430 3394
460 107 539 147 162
1096 97 1135 131 Ρ.
1156 95 1363 132 SVLPICII
1388 94 1599 136 QVIRINII

587 221 632 260 II.
678 221 713 258 Is
751 219 796 257 de
832 231 907 269 quo
938 218 1063 268 agitur
1092 221 1180 267 post
1210 215 1404 253 victoriam
1439 215 1484 252 de
1513 227 1588 264 qua
1621 213 1787 252 diximus
1818 213 2031 264 imperante
2062 213 2235 263 Augusto

456 291 501 330 ad
533 289 847 342 proconsulatum
880 286 989 325 Asiae
1020 284 1204 337 pervenit.
1262 283 1435 333 Namque
1466 282 1632 320 honores
1664 282 1715 320 ita
1746 281 1783 319 in
1817 282 1927 320 titulo
1957 282 2160 327 recenseri,
2193 288 2236 320 ut

455 373 475 399 a
505 358 721 398 minoribus
751 356 980 409 procedatur
1001 355 1046 392 ad
1069 352 1243 397 maioreS,
1275 364 1352 388 non
1374 350 1564 389 contrario
1587 350 1734 396 ordine,
1766 355 1809 388 ut
1830 349 1955 388 visum
1977 356 2035 389 est
2057 349 2236 401 Zumptio

456 428 613 479 (comm.
636 426 830 478 epigraph.
854 424 877 462 2
902 438 936 474 p.
964 422 1070 471 110),
1102 420 1190 458 inde
1221 418 1398 463 eflicitur,
1430 419 1532 469 quod
1563 424 1734 457 extremo
1766 418 1848 456 loco
1879 418 2026 469 positus
2058 431 2236 457 summus

456 503 514 536 est
557 502 595 534 et
639 508 726 534 vere
771 493 931 537 unicus,
985 496 1028 529 ut
1081 495 1169 540 post
1221 487 1313 525 alios
1355 486 1514 524 minime
1565 499 1672 525 raros
1728 486 1875 525 delatus
1920 499 2003 524 esse
2047 487 2239 534 videatur3

455 571 649 617 praeterea
693 567 828 615 parum
875 558 1053 599 convenit
1097 557 1190 595 ordo
1236 556 1412 594 inversus
1457 555 1589 605 elogio,
1641 555 1743 606 quod
1795 555 1839 593 ad
1876 555 2093 606 exemplum
2124 555 2238 593 Plau-

456 633 548 673 tiani
579 632 710 681 (Orell.
743 631 837 678 750)
870 642 889 667 a
923 626 1023 666 tituli
1053 628 1175 663 forma
1207 624 1252 662 ad
1284 635 1413 662 rerum
1447 628 1639 673 gestarum
1672 623 1930 662 narrationem
1964 623 2141 661 deflectit.

554 705 559 712 '
586 701 648 739 Ill.
684 701 720 738 Is
743 700 787 737 de
810 711 885 749 quo
907 696 1032 746 agitur
1050 693 1196 745 Syriam
1220 698 1258 731 et
1278 691 1522 731 coniunctam
1546 704 1633 730 cum
1652 704 1693 730 ea
1711 691 1755 729 ad
1773 693 1954 731 Severum
1973 704 2095 742 usque
2114 691 2238 729 Phoe-

454 771 565 809 nicen
596 770 808 820 imperante
838 767 1010 815 Augusto
1041 763 1099 801 bis
1129 761 1422 807 administravit,
1468 760 1636 811 primum
1682 767 1885 811 antequam
1917 759 2045 798 Asiam
2077 759 2236 798 sortire-

455 846 529 884 tur,
563 838 701 877 iterum
734 842 820 887 post
850 833 960 872 Asiae
990 830 1318 882 proconsulatum.
1368 829 1477 875 Nam,
1510 829 1608 867 sicut
1640 834 1741 867 recte
1773 829 1903 867 docuit
1933 828 2238 867 Sanclementius

457 908 518 957 (de
548 905 713 956 vulgaris
745 916 852 942 aerae
883 901 1033 940 emend.
1056 913 1092 951 p.
1116 899 1227 949 424),
1258 898 1472 937 iterationis
1504 898 1735 949 praedicatio
1763 898 1800 936 in
1824 897 2106 949 provinciarum
2128 910 2240 949 prae-

458 976 558 1014 sides
590 980 672 1012 tum
705 978 854 1011 tantum
887 970 1005 1016 cadit,
1044 981 1130 1007 cum
1173 968 1303 1006 eadem
1335 966 1530 1018 provincia
1569 966 1614 1005 ab
1646 967 1779 1005 eodem
1812 966 1968 1004 homine
1999 966 2141 1017 pluries
2172 966 2239 1004 ad-

456 1043 672 1082 ministrata
709 1046 778 1079 est.
840 1040 893 1078 Ita
924 1038 966 1076 T.
989 1037 1127 1089 Eprius
1159 1036 1358 1074 Marcellus
1398 1027 1538 1073 dicitur
1573 1034 1692 1073 fuisse
1726 1046 1868 1086 procos.
1900 1036 2005 1074 Asiae
2026 1034 2087 1073 ΙΙΙ
2116 1035 2170 1082 (C.
2193 1035 2238 1081 X,

456 1109 805 1151 3853=Henzen
839 1107 984 1157 5425);
1016 1106 1066 1144 ita
1098 1105 1139 1143 P.
1163 1104 1329 1155 Paquius
1362 1104 1501 1142 Scaeva
1532 1102 1701 1153 primum
1730 1115 1801 1154 pro
1831 1102 1979 1142 consule
2005 1106 2240 1154 provinciam

463 1180 626 1231 Cyprum
660 1180 826 1229 optinuit,
859 1175 993 1214 deinde
1020 1187 1091 1226 pro
1122 1186 1191 1213 cos.
1224 1176 1356 1212 iterum
1388 1180 1499 1211 eat-tra
1529 1179 1662 1210 sortem
1696 1175 1915 1211 auctoritate
1946 1172 2036 1223 Any.
2072 1171 2242 1211 Caesaris

457 1257 491 1288 et
520 1263 548 1287 S.
573 1262 600 1288 c.
623 1251 755 1286 missus
776 1253 827 1285 est
858 1246 906 1284 ad
938 1243 1232 1295 componendum
1263 1249 1401 1280 statum
1430 1243 1470 1279 in
1499 1240 1685 1291 reliquum
1709 1243 1927 1291 provinciae
1953 1240 2071 1292 Cypri
2098 1241 2153 1291 (C.
2176 1241 2240 1288 IX,

454 1316 803 1357 2845-——Henzen
835 1313 982 1361 6450);
1028 1312 1079 1350 ita
1116 1311 1156 1349 L.
1181 1310 1321 1349 Marius
1354 1309 1544 1348 Maximus
1584 1309 1651 1359 qui
1698 1309 1879 1348 scribitur
1923 1310 2041 1348 fuisse
2081 1323 2240 1362 procon—

454 1388 514 1426 sul
540 1388 709 1437 provinc.
740 1385 846 1423 Asiae
876 1385 1024 1426 iterum,
1063 1380 1268 1431 proconsul
1300 1380 1517 1430 provinciae
1547 1378 1695 1428 Africae
1725 1377 1782 1430 (C.
1805 1378 1864 1424 Vl,
1890 1379 2007 1417 1452.
2046 1379 2091 1425 X,
2114 1380 2240 1431 6764)

455 1455 583 1494 Asiam
616 1466 685 1505 per
716 1454 810 1491 duos
842 1463 963 1490 annos
995 1448 1162 1488 obtinuit
1193 1461 1237 1486 ex
1269 1447 1468 1485 consulatu
1500 1445 1639 1497 priore,
1679 1459 1722 1484 ex
1754 1447 1966 1497 posteriore
1997 1460 2065 1499 per
2094 1460 2239 1487 annum

452 1536 575 1563 unum
614 1523 780 1560 Africam
821 1519 1095 1571 (Waddington
1134 1518 1250 1568 fasces
1290 1517 1352 1555 des
1385 1517 1580 1566 provinces
1619 1514 1825 1566 Asiatiques
1863 1528 1899 1567 p.
1924 1517 1999 1554 741
2041 1516 2098 1554 ed.
2121 1515 2240 1567 mai).

452 1592 576 1630 Huius
615 1590 764 1642 generis
801 1588 1023 1627 iterationes
1060 1598 1148 1624 cum
1195 1585 1232 1623 in
1277 1583 1574 1635 proconsulibus
1614 1583 1756 1634 passim
1796 1583 2041 1623 inveniantur
2077 1584 2241 1636 (Scaats-

451 1661 550 1699 recht
581 1660 630 1698 22
663 1673 699 1711 p.
723 1658 833 1708 246),
865 1658 1006 1708 quippe
1037 1666 1203 1705 quorum
1236 1653 1404 1691 officium
1437 1653 1516 1703 lege
1548 1664 1719 1690 annuum
1754 1652 1838 1700 (Dio
1860 1653 1924 1699 53,
1950 1653 2015 1699 13)
2047 1666 2125 1691 non
2155 1666 2241 1692 raro

452 1734 540 1780 post
575 1740 718 1767 annum
755 1727 927 1779 elapsum
969 1725 1260 1764 continuaretur
1295 1723 1353 1762 vel
1388 1722 1517 1773 potius
1561 1721 1687 1759 denuo
1733 1722 1989 1768 conferretur,
2031 1721 2070 1760 in
2109 1721 2241 1773 legatis

451 1796 627 1847 Augusti,
659 1808 825 1847 quorum
857 1800 1026 1847 potestas
1057 1793 1162 1832 nullo
1203 1798 1306 1831 certo
1344 1798 1517 1843 tempore
1558 1789 1737 1828 conclusa
1782 1796 1894 1837 esset,
1934 1791 2062 1829 locum
2101 1791 2242 1830 habere

451 1878 527 1903 non
570 1865 696 1916 potuit
725 1863 801 1902 nisi
831 1863 901 1909 ita,
939 1868 982 1901 ut
1012 1868 1099 1913 post
1131 1861 1342 1900 discessum
1385 1873 1429 1898 ex
1473 1857 1667 1910 provincia
1705 1857 1805 1897 idem
1843 1859 1881 1897 in
1923 1859 2083 1897 eandem
2114 1859 2241 1898 denuo

414 1956 417 1957 ν
452 1933 683 1971 mitteretur.
733 1931 931 1970 Eiusmodi
963 1943 1052 1970 vero
1083 1930 1283 1981 legationis
1314 1928 1465 1968 iteratio
1496 1941 1540 1966 eo
1572 1927 1862 1978 impediebatur,
1901 1929 2003 1978 quod
2034 1928 2241 1979 legationes

452 2014 539 2040 cum
574 2001 793 2052 dignatione
824 2000 924 2039 inter
955 2013 995 2039 se
1036 1999 1233 2038 differrent
1273 1998 1483 2048 ordineque
1523 1996 1705 2035 continuo
1737 2009 1755 2034 a
1790 1997 1936 2035 minore
1973 1996 2017 2035 ad
2057 1996 2241 2035 maiorem

453 2070 773 2115 adscenderetur,
806 2069 837 2108 is
869 2070 961 2108 ordo
993 2069 1220 2108 turbabatur
1251 2068 1372 2118 legato
1404 2071 1492 2117 post
1522 2065 1614 2104 alios
1646 2065 1812 2103 honores
1844 2071 2042 2116 susceptos
2079 2065 2241 2103 remisso

452 2138 498 2177 ad
529 2138 619 2176 olim
651 2138 958 2177 administratam
991 2137 1226 2188 provinciam
1258 2136 1397 2174 iterum
1430 2133 1784 2173 administrandam.
1847 2133 1919 2171 Sed
1958 2133 1995 2172 id
2033 2146 2110 2172 non
2142 2133 2243 2172 cadit

452 2206 491 2244 in
528 2206 756 2256 legationem
799 2206 1053 2257 legationesve
1091 2205 1279 2244 maximae
1317 2202 1570 2254 (lignat.ionis;
1608 2214 1694 2240 nam
1734 2202 1834 2241 sicut
1877 2202 1942 2253 qui
1984 2203 2117 2241 consul
2155 2201 2240 2249 fuit,

452 2287 529 2313 non
565 2280 691 2326 potest
723 2275 869 2325 regredi
892 2275 935 2313 ad
958 2280 1191 2326 praeturam,
1224 2277 1351 2323 potest
1371 2271 1510 2309 iterum
1535 2270 1777 2309 consulatum
1802 2283 1942 2321 gerere,
1975 2271 2088 2309 etiam
2111 2271 2176 2322 qui
2197 2271 2243 2310 ad

453 2356 651 2382 summum
697 2342 855 2381 honoris
902 2343 1061 2393 gradum
1108 2341 1147 2380 in
1192 2340 1399 2393 provinciis
1430 2338 1746 2378 administrandis
1777 2339 2031 2391 pervenisset,
2069 2340 2240 2378 eiusdem

453 2410 648 2461 dignitatis
678 2410 931 2461 legationibus
970 2410 1053 2448 aliis
1090 2409 1197 2459 fungi
1238 2408 1374 2460 potuit.
1434 2408 1488 2445 Ita
1530 2412 1739 2458 utrumque
1776 2414 1877 2447 recte
1915 2408 2166 2459 explicabitur
2204 2414 2242 2448 et

453 2479 517 2530 qui
549 2479 721 2517 eiusdem
755 2478 971 2530 provinciae
1002 2478 1229 2529 legationem
1262 2477 1419 2523 iterarit,
1451 2475 1490 2513 in
1522 2475 1643 2513 titulis
1674 2482 1824 2527 praeter
1854 2477 1957 2515 hunc
1988 2477 2088 2528 quod
2121 2477 2239 2516 sciam

453 2547 659 2586 memorari
690 2547 883 2597 nullum1)
914 2554 950 2585 et
981 2547 1208 2598 legationem
1232 2546 1404 2584 iteratam
1438 2543 1546 2594 elogii
1578 2543 1769 2583 Tiburtini
1801 2545 1990 2597 pertinere
2022 2546 2068 2584 ad
2092 2545 2239 2597 Syriam

452 2615 685 2667 provinciam
729 2615 901 2653 omnimn
940 2615 1161 2666 primariam
1194 2614 1364 2665 (Tacitus
1396 2613 1614 2664 Ag1·ie.40;
1652 2613 1834 2664 Borghesi
1872 2614 2029 2653 Burbul.
2052 2627 2089 2665 p.
2113 2614 2163 2653 58
2186 2631 2241 2647 =

454 2697 540 2735 opp.
563 2685 605 2731 4,
638 2683 746 2734 159).
808 2684 1066 2723 Confirmatur
1096 2684 1145 2722 ita
1177 2684 1279 2734 quod
1311 2695 1424 2734 supra
1457 2681 1532 2720 dixi
1555 2681 1722 2720 honores
1744 2682 1963 2721 enumerari
1985 2683 2117 2721 ordine
2140 2688 2239 2721 tem-

454 2753 558 2804 poris
589 2759 627 2791 et
657 2752 888 2803 singularem
921 2753 1031 2803 plane
1061 2752 1260 2803 legationis
1284 2752 1458 2804 Syriacae
1489 2750 1644 2789 iteratae
1676 2750 1765 2789 item
1789 2751 1906 2790 videri
1928 2750 2046 2790 fuisse
2068 2757 2239 2803 tempore

454 2827 708 2872 postremum.

585 2890 644 2927 IV.
691 2889 726 2927 Is
758 2889 802 2927 de
834 2902 910 2940 quo
941 2889 1066 2940 agitur
1097 2889 1271 2941 Augusto
1303 2894 1500 2940 superstes
1531 2886 1627 2926 obiit
1658 2894 1747 2940 post
1777 2901 1809 2927 a.
1833 2901 1870 2927 u.
1893 2901 1925 2926 c.
1950 2888 2042 2927 767.

586 3029 609 3069 ¹)
638 3029 685 3060 De
713 3028 823 3060 titulis
850 3028 904 3069 qui
930 3029 1087 3060 videntur
1114 3028 1260 3067 obstare,
1285 3028 1413 3067 egimus
1439 3028 1470 3059 in
1497 3028 1680 3059 corollario
1706 3027 1806 3059 huius
1832 3026 2071 3058 commentarii.
