2227 3452
804 150 1007 187 TITVLVS
1033 148 1326 187 TIBV'RTINVS
1875 153 1924 192 17
1935 152 1951 191 1

172 272 350 311 viderunt
386 271 616 323 Borghesius
657 272 759 323 (opp.
789 270 811 310 8
850 285 887 323 p.
919 272 1015 320 500)
1056 277 1093 310 et
1129 270 1331 309 Henzenus
1373 269 1470 320 (Syll.
1502 281 1537 319 p.
1561 268 1671 318 496),
1711 281 1835 320 neque
1874 269 1956 320 ipse

174 340 375 392 Zumptius
405 353 483 379 non
513 340 710 386 intellexit,
743 340 807 378 sed
839 352 926 379 cum
957 341 1123 378 refutare
1154 352 1230 378 non
1261 344 1402 389 posset,
1434 337 1558 376 elusit.
1608 336 1704 375 Nam
1728 338 1956 378 Strabonem

173 409 256 460 (17,
288 408 324 455 3,
358 408 408 446 23
442 422 477 460 p.
511 408 607 459 838)
639 408 711 446 sibi
741 408 917 459 opitulari
950 414 1070 458 putat.
1102 409 1166 458 qui
1194 406 1440 445 Marmaridas
1470 405 1642 444 habitare
1672 405 1826 455 quidem
1859 407 1958 446 dicat

172 490 290 530 prope
329 478 517 528 Cyrenas,
557 478 621 516 sed
666 489 737 515 nec
781 476 1006 527 Cyrenaicae
1052 488 1122 514 nec
1159 476 1326 527 Aegypto
1372 473 1573 520 attribuat,
1619 473 1727 524 quasi
1757 480 1957 526 propterea

172 546 274 598 quod
305 546 469 598 populus
501 552 605 585 extra
638 545 761 583 solum
803 543 1019 595 provinciae
1056 543 1254 582 cuiusdam
1296 542 1557 582 conterminae
1595 542 1765 582 habitare
1807 544 1957 591 dic-itur,

171 615 291 666 magis
322 615 464 653 bellurn
497 614 530 653 ei
566 614 707 652 inferre
746 612 915 664 potuerit
950 624 1103 663 praeses
1140 611 1356 663 provinciae
1393 624 1471 650 non
1509 612 1780 650 conterminae.
1841 612 1958 664 Magis

171 683 387 734 speciosum
424 689 482 722 est
517 682 786 734 proconsulem
820 680 1045 732 Cyrenaicae
1078 686 1210 731 utpote
1241 680 1457 731 provinciae
1489 680 1700 719 senatoriae
1732 687 1769 720 et
1798 681 1958 720 inermis

171 751 313 790 bellurn
351 763 480 802 gerere
523 763 601 789 non
646 749 837 801 potuisse;
876 761 963 787 nam
996 748 1157 787 alterum
1196 749 1345 787 nullum
1391 749 1608 799 exemplum
1655 754 1757 787 extat
1792 761 1959 800 procon-

172 819 265 858 sulis
296 818 500 870 praetorii,
539 818 603 868 qui
641 817 782 856 bellum
814 818 986 868 gesserit.
1046 817 1094 856 At
1124 817 1376 856 nihilominus
1406 829 1541 855 verum
1578 823 1636 856 est
1667 817 1959 868 proconsulibus

173 888 352 927 omnihus
384 899 462 925 non
496 893 571 925 tam
603 886 663 925 ius
695 886 782 925 belli
812 886 967 937 gerendi
1008 886 1174 925 defuisse
1213 899 1328 937 quam
1368 886 1606 925 occasionem
1647 885 1893 937 (Staatsrecht
1921 885 1958 931 2,

171 955 291 1006 251),
330 968 495 1006 cumque
530 956 778 1006 proconsules
811 956 1030 994 consulares
1072 955 1218 993 Africae
1255 955 1300 993 ad
1340 955 1476 994 Gaium
1515 968 1636 1006 usque
1669 954 1748 993 suis
1779 953 1960 1006 auspiciis

171 1037 250 1064 rem
285 1024 473 1075 gesserint
504 1024 606 1073 (Tac.
630 1023 718 1062 hist.
742 1025 778 1071 4,
802 1023 883 1070 48),
915 1024 998 1075 ipso
1021 1023 1102 1062 iure
1131 1023 1231 1062 idem
1253 1023 1360 1062 licuit
1380 1023 1601 1074 proconsuli
1631 1023 1822 1074 praetorio
1844 1022 1960 1074 Cyre-

170 1093 311 1132 naicae.
372 1093 482 1139 Quod
515 1092 546 1131 si
577 1093 784 1131 necessitas
816 1105 944 1131 rerum
977 1092 1077 1139 fecit,
1119 1098 1159 1131 ut
1190 1092 1331 1131 bellum
1363 1093 1401 1131 in
1433 1105 1474 1130 ea
1516 1091 1710 1143 provincia
1750 1092 1959 1143 gerendum

170 1168 285 1209 esset,
316 1175 392 1200 non
425 1168 502 1200 erat
537 1161 596 1199 cui
631 1162 877 1200 mandaretur
904 1168 1053 1212 praeter
1075 1161 1156 1199 eius
1179 1162 1467 1212 proconsulemg
1501 1161 1627 1211 itaque
1649 1174 1725 1199 non
1749 1160 1957 1199 admodum

171 1231 312 1270 mirum
346 1237 403 1269 est
433 1230 625 1281 quendam
658 1243 790 1268 eorum
825 1243 905 1269 rem
939 1231 1112 1281 gessisse.
1147 1231 1310 1269 maxime
1342 1243 1410 1282 per
1441 1231 1510 1269 hos
1542 1242 1663 1269 annos
1695 1242 1789 1268 nova
1822 1229 1958 1268 etiam-

171 1307 254 1338 tum
276 1299 427 1351 imperii
450 1299 689 1337 ordinatione
721 1312 790 1337 1100
820 1299 934 1337 rebus
967 1299 1058 1337 satis
1091 1298 1280 1337 stabilitis.
1342 1299 1395 1337 Ne
1426 1299 1497 1337 hoc
1534 1299 1689 1350 quidem
1729 1304 1879 1337 constat
1915 1310 1960 1336 eo

171 1374 342 1420 tempore
382 1367 627 1419 Cyrenaicam
674 1368 864 1418 praesidio
912 1368 1065 1406 militari
1111 1368 1291 1406 caruisse.
1362 1367 1471 1406 Certe
1504 1368 1545 1406 L.
1578 1367 1755 1406 Pinarius
1794 1368 1959 1418 Scarpus

170 1437 317 1487 legatus
348 1437 505 1475 Antonii
536 1442 574 1475 et
604 1436 650 1475 ab
671 1450 715 1474 eo
737 1436 959 1487 Cyrenaicae
981 1438 1208 1488 praefectus.
1239 1437 1302 1474 sed
1326 1436 1439 1474 etiam
1463 1436 1535 1474 5111)
1556 1437 1742 1486 Augusto,
1764 1448 1851 1474 cum
1874 1441 1962 1487 post

169 1506 357 1558 proelium
380 1506 577 1545 Actiacum
606 1506 651 1543 ad
674 1518 761 1544 011111
788 1506 1012 1544 transiisset.
1046 1506 1203 1544 eandem
1228 1505 1462 1557 provinciam
1485 1504 1758 1543 administrans
1780 1517 1808 1542 c.
1830 1517 1862 1543 a.
1881 1504 1960 1542 727

171 1574 381 1627 imperator
412 1574 450 1612 111
481 1573 653 1612 nummis
685 1574 907 1625 appellatur,
942 1581 979 1612 111
1004 1574 1188 1613 exercitui
1210 1586 1298 1612 eum
1321 1573 1531 1625 praefuisse
1555 1572 1718 1611 dubitari
1740 1585 1816 1611 non
1840 1573 1962 1624 possit

172 1643 234 1694 (cf.
266 1642 426 1682 Orosius
449 1642 484 1688 6,
515 1642 574 1687 19,
600 1642 668 1688 153
702 1641 769 1681 Dio
793 1644 855 1689 51,
881 1644 916 1681 5.
941 1643 983 1690 9'3
1016 1643 1245 1682 Plutarchus
1268 1644 1406 1681 Anton.
1432 1642 1503 1689 69;
1537 1642 1666 1679 (1011011
1690 1641 1783 1692 Aug.
1807 1654 1843 1679 11.
1869 1641 1959 1680 125.

171 1712 409 1758 aler—5003
440 1710 582 1749 Eckhel
614 1711 649 1757 5,
683 1710 776 1749 ⁶272.
809 1712 845 1757 6,
878 1711 960 1763 82).
1036 1712 1109 1751 Sed
1140 1714 1198 1750 fac
1229 1712 1302 1750 iam
1344 1724 1387 1749 eo
1426 1711 1471 1748 de
1509 1723 1584 1761 quo
1627 1710 1752 1761 agitur
1790 1716 1961 1761 tempore

171 1780 338 1831 legiones
370 1779 407 1818 in
440 1779 496 1817 1115
529 1779 701 1830 partibus
733 1781 857 1819 nullas
889 1781 1041 1820 stetisse
1073 1781 1144 1819 nisi
1176 1781 1214 1819 in
1246 1780 1369 1819 Africa
1400 1779 1594 1831 provincia
1633 1785 1669 1817 et,
1708 1779 1745 1817 in
1776 1779 1957 1830 Aegypto,

172 1849 261 1900 quid
284 1848 434 1887 vetabat
455 1848 553 1886 bello
575 1848 702 1899 aliquo
724 1848 762 1886 in
785 1849 987 1900 Cyrenaica
1019 1856 1151 1887 exorto
1182 1849 1370 1900 legionem
1394 1862 1437 1887 ex
1461 1849 1630 1900 Aegypto
1652 1860 1696 1886 00
1719 1847 1833 1894 1111111,
1866 1859 1962 1898 quae

170 1917 391 1970 proconsuli
423 1915 604 1968 pareret?
663 1917 794 1967 ltaque
832 1917 1009 1956 existimo
1041 1918 1259 1964 Quirinium
1299 1931 1344 1957 ex
1380 1924 1557 1969 praetura
1594 1923 1681 1968 post
1718 1916 1960 1955 intervallum

171 1986 440 2038 proconsulem
473 1988 615 2024 sactum
649 1985 877 2036 Cretamque
908 1992 945 2024 et
976 1988 1141 2037 Cyrenas
1173 1985 1352 2024 sortitum
1385 1985 1631 2025 Marmaridas
1654 1991 1691 2024 et
1713 1985 1962 2024 Garamantes

170 2055 329 2103 vicisse3
360 2054 472 2105 idque
504 2054 604 2093 inter
634 2054 702 2093 alia
734 2054 773 2092 in
804 2060 931 2092 niente
963 2054 1095 2093 habuit
1122 2054 1277 2093 Tacitus
1309 2055 1481 2093 scribens
1509 2054 1728 2101 Quirinium
1761 2056 1961 2105 impigrum

170 2125 321 2164 militiae
366 2131 399 2163 et
443 2124 592 2162 acribus
634 2126 848 2162 nn'nisteriis
889 2123 1130 2162 consulatum
1164 2123 1371 2171 Jmeruisse.
1438 2124 1488 2162 Ea
1536 2123 1738 2175 expeditio,
1785 2122 1816 2161 si
1861 2128 1963 2161 recte

171 2193 270 2232 infra
299 2192 442 2232 docebo
473 2205 533 2231 res
564 2192 603 2230 in
636 2191 745 2231 titulo
777 2199 909 2231 nostro
941 2199 1112 2232 narratas
1144 2192 1310 2243 incipere
1342 2192 1388 2231 ab
1410 2205 1441 2231 a.
1467 2192 1558 2238 752,
1591 2198 1679 2230 ante
1701 2204 1790 2230 eum
1813 2203 1959 2229 annum

171 2264 268 2301 facta
300 2261 349 2301 sit
386 2274 541 2300 necesse
580 2266 658 2306 est3
697 2261 911 2300 accuratius
950 2275 1024 2312 quo
1064 2268 1235 2313 tempore
1277 2261 1475 2307 Quirinius
1514 2260 1759 2312 Cyrenaicam
1798 2259 1964 2299 admini-

172 2332 334 2377 strarit,
361 2330 510 2369 definiri
547 2329 700 2381 nequit,
739 2343 863 2381 neque
903 2330 1097 2369 adsentior
1135 2330 1312 2369 Henzeno
1356 2336 1512 2382 propter
1542 2329 1643 2368 Flori
1689 2329 1800 2368 verba
1848 2341 1961 2380 supra

173 2399 289 2439 relata
320 2399 583 2438 Marmaricam
608 2398 772 2445 Quirinii
803 2399 999 2438 victoriam
1033 2400 1282 2452 postponenti
1314 2399 1529 2439 Gaetulicae
1561 2398 1669 2437 Cossi
1710 2404 1838 2450 partae
1869 2410 1901 2436 a.
1925 2410 1961 2436 u.

173 2481 204 2507 c.
239 2468 337 2515 759;
369 2480 457 2506 nam
490 2468 560 2506 hoc
600 2467 681 2506 loco
720 2467 856 2506 Florus
888 2468 932 2506 ad
975 2469 1157 2520 temporis
1195 2469 1370 2507 ordinem
1410 2480 1488 2506 non
1527 2467 1689 2506 attendit
1720 2479 1843 2517 neque
1885 2465 1962 2505 ullo

174 2543 284 2588 pacto
332 2536 544 2575 secundum
591 2548 645 2579 011,
692 2548 787 2587 quae
833 2537 878 2575 de
910 2537 1084 2583 Quirinio
1131 2544 1325 2589 praeterea
1362 2536 1600 2588 accepimus,
1647 2535 1962 2587 proconsulatum

174 2605 411 2657 praetorium
449 2604 760 2643 admininistrare
798 2605 923 2655 potuit
961 2612 1049 2656 post
1086 2618 1117 2644 a.
1143 2606 1234 2645 759.
1306 2606 1416 2652 Quod
1459 2605 1488 2643 si
1527 2605 1613 2656 quis
1651 2603 1813 2643 coniciat
1848 2616 1963 2654 expe-

173 2673 357 2712 ditionem
391 2674 428 2711 in
453 2673 700 2711 Garamantes
731 2686 763 2711 a.
788 2673 867 2712 734
899 2675 1101 2713 coniuncta
1132 2687 1245 2726 opera
1274 2674 1489 2726 suscepisse
1512 2673 1669 2712 Balbum
1692 2671 1962 2724 proconsulem

174 2742 321 2781 Africae
354 2747 390 2780 et
421 2741 688 2792 proconsulem
714 2742 939 2792 Cyrenaicae
961 2742 1192 2789 Quirinium7
1227 2748 1445 2794 temporum
1478 2743 1644 2781 rationes
1666 2740 1701 2779 ei
1722 2740 1963 2779 coniecturae

172 2823 249 2849 non
293 2810 563 2856 adversantur3
600 2822 690 2848 nam
727 2810 924 2856 Quirinius
966 2817 1099 2862 utpote
1139 2811 1255 2849 homo
1293 2823 1417 2850 novus
1457 2811 1579 2849 multo
1617 2815 1704 2848 ante
1743 2814 1962 2860 praeturam

174 2879 336 2930 gessisse
367 2884 493 2930 potest
524 2890 638 2929 quam
670 2878 715 2916 ad
746 2891 921 2917 summos
952 2879 1118 2917 honores
1158 2879 1341 2930 pervenit.
1404 2880 1478 2918 Sed
1515 2878 1596 2917 fieri
1635 2890 1788 2929 quoque
1824 2882 1962 2928 potest,

172 2954 215 2986 ut
247 2953 408 2997 uterque
439 2946 582 2985 bellum
615 2946 775 2997 gesserit
807 2952 979 2997 tempore
1010 2946 1171 2985 diverso.

305 3015 366 3054 III.
413 3014 632 3062 Quirinium
673 3014 801 3065 Syriae
846 3014 1057 3066 praefuisse
1103 3028 1134 3054 a.
1175 3015 1254 3054 759
1300 3021 1339 3054 et
1377 3015 1554 3066 deinceps
1597 3018 1748 3053 constat
1786 3025 1832 3052 ex
1867 3013 1962 3053 locis

177 3084 328 3136 Iosephi
359 3096 473 3136 supra
504 3083 646 3133 allatis3
685 3083 891 3122 videndum
922 3090 1072 3131 autem,
1111 3096 1204 3123 num
1238 3083 1395 3123 alterius
1426 3096 1578 3135 quoque
1609 3081 1807 3134 legationis
1838 3081 1963 3134 aliqua
