2227 3452
919 151 948 191 I,
975 151 1018 185 35
1045 150 1088 184 36
1842 147 1895 187 27

120 281 173 321 et,
214 273 246 313 si
285 272 443 312 omnino
480 271 610 324 perfici
646 276 813 323 poterat,
856 283 917 309 res
954 271 1065 321 plane
1105 268 1242 307 divina.
1302 267 1440 318 Mayna
1478 267 1666 318 quondam
1695 266 1898 313 sterilitate,

120 341 327 382 Suetonius
367 341 419 380 ait
455 353 486 379 c.
510 340 562 378 42
600 340 808 391 respiciens
847 345 890 377 ut
931 338 1080 376 videtur
1118 336 1238 388 ipsius
1269 335 1360 373 anni
1389 334 1490 372 illius
1523 335 1602 373 759
1634 334 1899 384 gravissimam

118 422 322 456 annonam,
354 423 396 448 ac
427 409 578 460 difficili
603 409 775 454 remedio,
807 421 889 447 cum
920 407 1122 446 venalicias
1151 413 1184 444 et
1215 406 1439 444 lanistarum
1465 402 1636 453 familias
1657 402 1721 452 (cf.
1744 402 1812 441 Dio
1836 403 1899 449 55,

119 479 188 530 26)
223 481 507 530 pereyrinosque
539 488 663 516 omnes
692 479 850 527 eaeceptis
880 475 1029 514 medicis
1060 481 1093 513 et
1109 472 1410 525 praeceptoribus
1427 473 1638 522 partimque
1668 473 1900 509 servitiorum

119 548 182 598 (cf.
214 546 282 585 Dio
312 546 336 584 l.
360 545 410 596 c.)
452 546 541 584 urbe
578 545 788 597 empulisset,
819 551 860 583 ut
889 544 1038 582 tandem
1070 555 1223 582 annona
1253 540 1458 584 coni-aluit,
1493 542 1669 591 impetum
1699 552 1734 577 se
1773 541 1904 589 cepisse

117 616 242 655 scribit
274 616 590 666 frumentationes
622 613 795 665 publicas
833 612 895 660 (iis
932 612 1004 650 hoc
1045 617 1146 650 certe
1185 611 1267 649 loco
1306 615 1513 659 utrumque
1555 620 1674 658 genus
1707 613 1783 646 tam
1816 619 1903 657 gra—

120 683 236 723 tuitae
267 695 382 734 quam
414 682 554 721 leviore
584 682 708 733 pretio
739 682 943 720 admensae
974 680 1126 719 videtur
1157 677 1378 730 significari)
1410 680 1449 715 in
1474 683 1694 728 perpetuum
1722 675 1903 719 abolendi,

118 753 214 805 quod
255 764 385 791 earum
429 751 568 803 fiducia
603 750 753 789 cultura
792 762 969 801 ayrorum
1008 757 1179 793 cessaret,
1210 759 1325 798 neque
1362 754 1486 785 tamen
1524 757 1788 797 perseverasse,
1820 746 1906 795 quia

119 827 260 860 certum
288 820 439 859 haberet
463 826 547 871 post
575 832 611 858 se
636 831 707 869 per
729 819 965 858 ambitionem
996 818 1214 870 quandoque
1244 817 1409 855 restitui:
1442 821 1548 866 atque
1570 817 1622 853 ita
1648 813 1798 865 posthac
1826 824 1906 851 rem

118 891 355 940 temperavit,
394 895 437 927 ut
475 899 551 926 non
586 890 767 926 minorem
807 895 1006 927 aratorum
1041 899 1082 925 ac
1120 886 1386 937 negotiantium
1424 895 1535 934 quain
1562 883 1695 934 populi
1722 884 1907 921 rationein

120 958 324 998 deduceret.
384 956 463 995 Hoc
499 956 659 995 dubium
701 969 777 995 non
811 962 868 995 est
899 956 1113 1006 Augustum
1147 953 1212 993 ubi
1244 965 1357 992 curae
1387 964 1560 990 annonae
1592 951 1629 989 in
1662 950 1787 989 indice
1824 962 1907 988 me-

120 1026 250 1073 minit,
289 1025 412 1064 multo
454 1024 574 1076 magis
606 1038 720 1076 quam
754 1026 799 1064 de
830 1023 1196 1063 frumentationibus
1228 1020 1392 1074 publicis
1424 1020 1469 1059 de
1502 1020 1570 1059 hac
1600 1019 1785 1059 frumenti
1816 1031 1907 1071 pro-

120 1094 266 1134 visione
297 1094 428 1134 urbica
459 1094 696 1144 cogitavisse.

148 1294 231 1320 LAT.
258 1282 291 1327 1,
315 1294 348 1321 35
371 1293 404 1319 3ss
442 1280 703 1329 Conlsulatum
735 1287 813 1318 tuin
844 1280 988 1328 clatlum
1022 1291 1193 1317 annuum
1225 1279 1274 1327 e[t
1302 1285 1521 1329 perpetuum
1549 1289 1623 1316 non
1651 1274 1655 1328 l
1684 1276 1830 1326 accepi].

176 1363 234 1389 GR.
258 1349 294 1396 3,
320 1363 334 1387 9
358 1362 388 1388 10
444 1343 678 1387 ιΥπατείαν
708 1349 753 1386 τὲ
783 1362 857 1399 μοι
890 1345 983 1386 zoes
1006 1345 1268 1400 admonium
1288 1346 1355 1385 καὶ
1388 1348 1390 1360 “
1419 1343 1666 1396 ἐ[ι’]ιαῦσιον
1693 1345 1775 1393 nali
1799 1341 1909 1392 δ]ι[ὰ]

442 1418 542 1468 βίου
575 1413 650 1456 οὖκ
682 1413 905 1469 ἐδεξάμην.

122 1503 296 1556 Spatium
328 1503 430 1554 quod
463 1510 568 1541 vacat
600 1502 700 1541 inter
731 1514 829 1541 CON
861 1508 898 1539 et
929 1515 995 1539 VM
1026 1502 1241 1540 litterarum
1274 1515 1305 1539 c.
1329 1514 1393 1539 xui
1428 1501 1654 1540 vocabulum
1688 1500 1795 1545 milii,
1834 1511 1910 1549 quo

121 1572 226 1612 ducit
254 1571 532 1624 interpretatio,
568 1578 609 1610 ut
642 1571 838 1610 tolleretur
869 1570 1006 1620 coegit.

252 1639 322 1679 Dio
352 1640 375 1678 l.
398 1652 429 1679 c.
462 1652 548 1678 cum
581 1647 711 1678 narret
743 1641 880 1677 samem
914 1638 1014 1676 illam
1043 1652 1075 1676 a.
1100 1638 1191 1682 732,
1215 1645 1371 1690 propter
1393 1651 1507 1689 quani
1530 1638 1702 1688 Augusto
1724 1636 1912 1675 dictatura

122 1716 160 1749 et
195 1722 285 1748 cura
326 1721 498 1748 annonae
536 1708 682 1747 oblatae
714 1714 825 1753 sunt,
868 1707 977 1757 vulgo
1010 1707 1128 1746 visam
1162 1720 1244 1746 esse
1277 1707 1363 1746 inde
1395 1707 1601 1753 accidisse,
1641 1701 1705 1745 ὅῑι
1739 1703 1794 1757 μὴ
1841 1702 1912 1742 καὶ

121 1775 216 1818 τότε
252 1772 526 1817 ὑπατεύοντα
562 1775 636 1816 τὸν
672 1772 930 1826 Λῖἷγουσῑον
968 1776 1094 1826 ἔσχον
1126 1776 1387 1826 (continuarat
1418 1775 1563 1814 scilicet
1593 1774 1815 1814 consulatus
1846 1785 1914 1824 per

123 1859 244 1886 annos
276 1845 526 1892 723--73n,
559 1845 763 1884 verisimile
795 1852 864 1890 est,
896 1844 998 1896 quod
1031 1845 1102 1883 hoc
1134 1845 1215 1883 loco
1246 1846 1441 1895 Augustus
1473 1844 1623 1889 scribit,
1656 1855 1785 1881 rerum
1819 1841 1913 1880 scri-

122 1922 251 1968 ptores
282 1915 493 1968 expressim
526 1927 604 1953 non
636 1915 791 1959 habent,
823 1914 1066 1952 consulatum
1097 1926 1268 1952 annuum
1293 1920 1600 1965 perpetuumque
1621 1912 1654 1950 ei
1676 1911 1844 1951 oblatum
1868 1910 1913 1948 ad

123 1983 225 2035 ipsas
260 1982 343 2021 illas
384 1982 515 2021 turbas
553 1981 643 2020 anni
676 1981 754 2020 732
787 1983 1001 2034 pertinere,
1041 1994 1128 2020 cum
1167 1982 1392 2033 praesertim
1427 1981 1497 2020 tria
1530 1982 1619 2019 haec
1658 1980 1778 2031 capita
1821 1990 1915 2017 con-

123 2052 252 2091 iuncta
283 2051 321 2089 in
352 2050 478 2089 indice
508 2050 694 2101 legantur.
748 2050 908 2089 Oblatus
941 2057 999 2089 est
1029 2058 1157 2089 autem
1190 2051 1363 2102 Augusto
1395 2050 1618 2089 consulatus
1648 2060 1735 2087 cum
1759 2059 1913 2087 annuus

125 2126 206 2160 tum
238 2126 449 2172 perpetuus
480 2119 639 2158 omnino
670 2120 803 2158 eadem
837 2119 996 2164 ratione,
1028 2132 1102 2170 qua
1136 2118 1340 2157 tribunicia
1372 2124 1542 2170 potestas
1574 2117 1606 2156 ei
1638 2116 1826 2169 permissa
1857 2120 1916 2154 est

125 2202 156 2228 a.
189 2188 268 2228 718
300 2195 496 2240 perpetua,
529 2188 575 2227 ab
597 2201 628 2226 a.
651 2195 778 2227 autem
804 2187 879 2226 731
905 2187 1020 2226 etiam
1044 2200 1183 2233 annua,
1216 2199 1354 2238 nempe
1378 2193 1418 2225 ut
1439 2188 1529 2225 anni
1551 2186 1633 2224 eius
1663 2196 1916 2224 numeraren-

125 2263 190 2297 tur
220 2257 464 2309 (Staatsrecht
495 2256 519 2294 2
550 2270 586 2308 p.
612 2256 690 2294 772
723 2258 769 2295 cs.
802 2270 838 2307 p.
872 2255 982 2305 836).
1023 2279 1073 2282 *-
1111 2255 1313 2294 Diversum
1356 2262 1413 2294 est
1454 2255 1555 2305 quod
1597 2253 1649 2292 ait
1680 2252 1842 2291 Velleius
1876 2251 1914 2296 2,

126 2326 178 2366 89
209 2326 281 2365 hoc
311 2332 460 2375 tantum
493 2325 539 2364 ab
560 2326 734 2375 Augusto
765 2324 962 2376 impetrari
995 2324 1177 2376 potuisse,
1211 2331 1253 2363 ut
1283 2324 1507 2362 consulatus
1541 2335 1661 2373 usque
1689 2321 1734 2359 ad
1758 2320 1916 2359 undeci-

126 2407 231 2434 mum
265 2395 519 2441 continuaret,
552 2401 589 2433 et
619 2394 770 2446 plenius
799 2393 866 2431 Dio
899 2393 1101 2444 exequitur
1132 2392 1304 2431 scribens
1327 2393 1409 2443 (54,
1443 2392 1479 2431 6.
1515 2392 1582 2441 10)
1614 2391 1651 2429 in
1684 2402 1805 2428 annos
1838 2387 1915 2427 733

127 2469 163 2503 et
199 2463 277 2503 735
321 2470 512 2515 tamquam
553 2464 710 2502 consule
742 2462 939 2513 designato
971 2463 1143 2511 Augusto
1176 2462 1354 2500 consules
1387 2460 1557 2511 singulos
1592 2465 1739 2498 tantum
1772 2463 1918 2496 creatos

127 2544 222 2579 esse,
255 2538 297 2571 ut
327 2531 362 2570 id
395 2532 522 2583 ipsum
555 2531 669 2570 etiam
703 2531 740 2570 in
773 2544 805 2570 a.
831 2531 910 2570 734
942 2534 1084 2570 sactum
1107 2543 1190 2569 esse
1213 2543 1288 2569 non
1321 2530 1403 2568 sine
1425 2542 1538 2567 causa
1561 2527 1767 2579 suspicere.
1821 2526 1917 2564 Sue-

127 2600 254 2640 tonius
286 2613 438 2651 quoque
470 2613 501 2639 c.
526 2600 577 2639 26
610 2601 832 2639 consulatus
866 2600 1008 2638 multos
1040 2599 1110 2638 sibi
1143 2599 1286 2638 delatos
1309 2599 1526 2649 Augustum
1560 2598 1611 2635 ait
1633 2585 1842 2634 recusasse.
1866 2616 1917 2621 —

128 2668 235 2715 Quod
273 2669 325 2708 ait
363 2669 462 2707 idem
494 2668 562 2707 Dio
595 2669 659 2715 54,
695 2669 743 2706 10
777 2669 995 2719 Augustum
1028 2680 1059 2706 a.
1094 2667 1172 2706 735
1211 2673 1440 2719 potestatem
1479 2665 1718 2704 consularem
1751 2663 1789 2701 in
1822 2662 1919 2701 vitae

129 2743 280 2789 tempus
322 2737 534 2782 admisisse,
576 2749 653 2775 non
686 2737 810 2775 solum
843 2737 1036 2775 diversum
1070 2743 1128 2774 est
1160 2737 1264 2786 (nam
1298 2736 1423 2787 potuit
1454 2735 1695 2773 consulatum
1730 2744 1918 2775 recusare,

128 2806 294 2857 recipere
334 2806 573 2844 consularem
614 2804 884 2856 potestatem),
929 2805 994 2843 sed
1033 2811 1155 2843 totum
1195 2805 1402 2851 ficticium3
1444 2816 1531 2842 nam
1565 2810 1602 2842 et
1638 2814 1772 2840 omnes
1803 2799 1920 2839 ceteri

130 2881 304 2914 auctores
335 2874 372 2913 id
403 2874 582 2925 ignorant
611 2880 649 2912 et
679 2873 761 2924 ipse
783 2874 978 2923 Augustus
1010 2873 1228 2923 significans
1261 2872 1297 2918 2,
1331 2874 1366 2911 5.
1399 2872 1421 2911 8
1455 2871 1613 2911 secundi
1644 2876 1681 2909 et
1705 2869 1807 2908 tertii
1829 2881 1920 2907 cen-

130 2954 195 2981 sus
236 2955 346 2981 causa
386 2942 584 2981 consulare
615 2940 821 2994 imperium
854 2954 894 2980 se
925 2941 1139 2992 suscepisse
1170 2954 1214 2980 eo
1245 2948 1440 2992 praeterea
1472 2953 1511 2979 se
1543 2951 1658 2979 usum
1690 2950 1774 2977 esse
1808 2943 1922 2988 negat

131 3008 376 3060 (Staatsrecbt
405 3009 429 3048 2
460 3023 496 3061 p.
520 3008 630 3060 836).
