2430 3394
494 151 576 191 140
1298 146 1360 188 VI,
1391 147 1479 181 l—3

485 267 672 307 Evansius
704 268 745 319 (l.
768 280 799 306 6.
822 281 859 319 p.
886 268 980 315 159)
1013 279 1195 306 nummos
1226 265 1432 317 inscriptos
1455 265 1541 305 Tine
1565 296 1573 304 .
1599 296 1606 304 .
1632 297 1639 304 .
1665 266 1715 313 .1)
1751 266 1897 306 Commii
1922 266 2075 318 f(ilins),
2107 272 2280 318 repertos

486 337 710 389 praesertim
751 336 790 375 in
833 336 987 387 regione
1018 338 1178 381 Snssex,
1221 340 1425 385 potestque
1464 337 1624 373 sortasse
1665 335 1816 373 defendi
1853 335 1891 374 in
1928 335 2051 387 lapide
2081 336 2281 387 Ancyrano

486 405 721 457 superfuisse
762 419 838 444 Tiix
881 412 919 444 et
958 410 1190 457 postremam
1230 403 1396 441 litteram
1437 405 1595 441 fractam
1637 415 1766 442 errore
1803 415 1872 454 pro
1905 416 1933 441 M
1963 409 2155 455 acceptam
2186 416 2280 442 esse.

487 475 559 513 Sed
592 474 631 513 in
663 474 852 513 eiusmodi
885 487 925 512 rc
957 473 1076 512 satius
1109 478 1167 511 est
1197 471 1388 510 abstinere
1419 485 1439 510 a
1470 471 1715 510 coniecturis.

619 543 671 582 De
703 543 873 582 Maelone
906 543 960 581 516
993 541 1130 581 Strabo
1164 541 1199 587 7,
1226 541 1259 586 1,
1283 541 1306 578 4
1329 554 1366 591 p.
1390 540 1467 579 291
1503 541 1597 579 bella
1630 553 1814 579 enarrans
1836 540 1999 591 Augusti
2030 547 2164 580 contra
2186 542 2282 580 Ger-

487 625 640 651 manos:
675 610 852 665 ἤρξανιο
886 610 932 650 δὲ
965 611 1035 649 (οῦ
1058 606 1252 661 πολέμου
1274 605 1550 661 Σούγαμβροι
1574 607 1764 662 πλησίον
1787 609 2001 655 οἶκοῦνιες
2022 610 2096 648 ἰοῦ
2115 606 2282 662 Ῥήνου,

491 680 680 720 niglam<
711 679 878 730 ἔχωνς
912 675 1118 732 1]>γ.<,1111ἰ·α,·
1150 677 1242 716 item
1274 691 1311 729 p.
1335 677 1415 717 292
1447 685 1577 717 narrat
1600 678 1639 717 in
1664 678 1861 730 triumpho
1883 677 2101 717 Germanici
2122 678 2283 718 ductum

485 763 568 788 esse
591 749 844 799 Deudorigem
868 746 1029 785 Melonis
1061 747 1188 785 fratris
1220 745 1342 784 lilium
1366 747 1640 797 Sugambrum.
1693 748 1722 785 Α
1746 747 1972 798 Sugambris
2004 759 2090 786 cnm
2114 746 2283 799 Usipetis

486 825 523 857 et
554 818 752 856 Tencteris
784 815 968 855 Romanis
1001 815 1100 854 illata
1134 821 1192 854 est
1222 815 1348 853 clades
1372 814 1539 854 Lolliana
1570 829 1602 854 a.
1628 816 1706 855 738
1740 815 1825 866 (Dio
1848 817 1913 860 54,
1936 815 2009 863 2ος
2048 815 2213 855 Velleius
2245 816 2282 863 2,

486 888 560 935 97,
584 885 795 926 Suetonius
818 885 912 935 Aug.
936 884 1025 932 23);
1057 884 1194 922 deinde
1216 896 1347 935 pacem
1372 886 1547 923 fecerunt
1570 884 1653 929 [Dio
1675 886 1698 923 l.
1722 898 1775 932 c.;
1807 884 1935 923 Horat.
1957 896 2073 922 carm.
2097 884 2134 930 4,
2157 883 2194 931 2,
2218 884 2284 924 36.

494 958 553 1002 14,
579 957 627 994 51
653 954 780 993 addito
802 953 968 992 Frankio
991 955 1075 991 fast.
1100 953 1190 991 Hor.
1214 966 1251 1004 p.
1275 952 1378 999 2083
1410 953 1583 1005 l’ropert.
1608 955 1644 1000 5,
1667 954 1703 999 6,
1728 954 1810 1000 771,
1834 953 1899 992 5611
1922 965 2012 991 cum
2034 952 2286 993 rebellassent

488 1039 520 1063 a.
545 1025 644 1070 742,
683 1022 863 1074 deinceps
903 1035 923 1061 a
953 1022 1078 1061 Druso
1117 1035 1239 1073 eoque
1279 1028 1432 1060 mortuo
1468 1036 1488 1061 a
1520 1022 1673 1061 Tiberio
1705 1021 1858 1074 saepius
1890 1021 1979 1060 victi
2012 1021 2096 1070 (Dio
2129 1022 2196 1069 54,
2217 1021 2282 1061 32.

490 1094 554 1132 33.
579 1093 646 1141 36)
680 1091 856 1131 debellati
889 1091 1041 1130 tandem
1074 1104 1106 1129 a.
1131 1091 1210 1129 74ss
1243 1090 1329 1140 (Dio
1354 1091 1417 1137 55,
1441 1091 1485 1136 6;
1517 1091 1609 1129 Vell.
1634 1091 1670 1138 2,
1695 1091 1765 1142 97)
1797 1097 1835 1130 et
1865 1090 1904 1129 in
1929 1090 2086 1129 Galliam
2121 1091 2286 1130 traducti

491 1167 593 1200 sunt.
656 1159 862 1200 Suetonius
884 1160 979 1210 Aug.
1004 1159 1078 1197 21:
1111 1158 1250 1198 Suebos
1280 1166 1312 1197 et
1338 1158 1555 1210 Siyambros
1586 1160 1755 1199 dedentes
1784 1173 1821 1199 se
1852 1160 2028 1200 traduxit
2057 1162 2097 1198 in
2123 1158 2286 1199 Galliam

486 1238 593 1282 atque
632 1233 671 1269 in
707 1231 895 1281 prooe‘imis
932 1227 1059 1268 Rheno
1098 1231 1198 1279 agris
1235 1227 1439 1267 collocavit.
1506 1228 1590 1267 Tib.
1623 1230 1647 1269 9
1692 1229 1794 1277 (inde
1837 1228 1998 1267 Orosius
2030 1228 2074 1275 6,
2107 1228 2178 1276 21,
2211 1228 2285 1277 24;

484 1299 695 1350 Eutropius
732 1299 768 1345 7,
795 1298 857 1349 9):
906 1297 1128 1337 Germanico
1168 1296 1297 1345 (bello)
1339 1297 1592 1349 quadraginta
1633 1298 1738 1337 milia
1777 1298 2034 1337 dediticiorum
2070 1299 2216 1337 traiecit
2244 1299 2285 1336 in

488 1368 651 1407 Galliam
681 1371 862 1420 iuxtaque
894 1370 1016 1418 ripam
1037 1367 1160 1406 Rheni
1186 1367 1334 1405 sedibus
1365 1366 1571 1417 adsignatis
1601 1367 1807 1406 collocavit.
1850 1365 2027 1405 Tiberius
2049 1365 2151 1417 apud
2171 1365 2284 1404 Taci-

487 1444 568 1476 tum
602 1450 691 1475 ann.
718 1437 754 1482 2,
778 1437 830 1475 26
855 1439 918 1485 (cf.
950 1436 1012 1483 12,
1037 1436 1106 1486 39)
1145 1435 1316 1474 5611116115
1348 1435 1394 1473 ad
1427 1434 1698 1473 Germanicum
1731 1448 1768 1475 se
1798 1437 1924 1474 novies
1954 1447 1978 1474 a
2009 1435 2092 1474 divo
2124 1434 2285 1486 Auyusto

484 1510 522 1545 in
557 1505 798 1545 Germaniam
831 1508 983 1544 missum
1013 1505 1126 1556 plura
1159 1505 1309 1543 consilio
1341 1517 1451 1555 qinon
1485 1507 1523 1543 vi
1548 1505 1760 1555 perfecisse,
1792 1507 1842 1543 sic
1863 1504 2093 1555 Suyambros
2122 1506 2161 1542 in
2184 1502 2286 1542 dedi-

484 1578 621 1614 tionem
658 1582 833 1626 acceptos.
895 1574 1020 1613 Strab.
1046 1575 1081 1619 7,
1116 1574 1150 1619 1,
1182 1573 1204 1612 3
1238 1587 1275 1625 p.
1300 1573 1392 1611 290.
1447 1572 1542 1611 Vict.
1574 1573 1663 1624 epit.
1688 1574 1723 1618 1,
1747 1574 1782 1611 7.
1831 1572 2035 1611 Probabile
2071 1578 2130 1610 est
2167 1585 2285 1623 quam

484 1646 613 1694 fugam
645 1643 690 1682 ad
722 1657 761 1682 se
793 1643 891 1695 regis
923 1656 1058 1682 eorum
1091 1642 1273 1681 Maelonis
1296 1642 1492 1693 Augustus
1523 1642 1697 1694 appellat,
1730 1655 1814 1680 eam
1846 1641 1893 1680 ab
1925 1641 2117 1681 deditione
2148 1654 2180 1680 a.
2205 1641 2285 1681 746

484 1726 561 1752 non
594 1726 678 1751 esse
709 1712 912 1751 diversam.

617 1781 819 1819 Postremo
850 1781 933 1819 loco
964 1792 1079 1830 quem
1111 1779 1271 1818 intrusit
1294 1779 1476 1830 Bergkius
1499 1779 1779 1818 Maroboduum
1812 1779 1956 1818 abusus
1979 1779 2061 1818 loco
2085 1778 2286 1818 Strabonis

487 1852 522 1897 7,
550 1852 583 1897 1,
607 1850 630 1888 3
653 1864 689 1902 p.
713 1850 812 1896 290,
851 1862 940 1888 eum
981 1849 1053 1887 iam
1089 1848 1244 1900 expellit
1274 1848 1387 1887 lectio
1419 1849 1588 1900 expleta3
1621 1848 1754 1886 eadem
1785 1854 1915 1887 autem
1949 1847 2179 1887 monstravit
2208 1860 2286 1886 non

487 1921 533 1959 de
564 1919 742 1971 pluribus
775 1918 1016 1957 diversorum
1050 1917 1282 1969 populorum
1315 1917 1470 1968 regibus
1502 1917 1564 1956 hic
1595 1917 1841 1968 cogitandum
1874 1929 1971 1963 esse,
2005 1922 2047 1955 ut
2077 1916 2286 1967 cogitaram

485 2002 575 2040 ego,
618 1988 681 2027 sed
716 2000 838 2026 unmn
871 1986 1038 2038 intellegi
1070 1999 1198 2037 regem
1231 1986 1569 2025 Marcomanorum
1602 1985 1835 2024 Sueborum.
1898 1985 2116 2024 Sueborum
2149 1991 2286 2024 notum

484 2064 542 2096 est
574 2070 651 2095 non
683 2070 799 2096 unam
832 2062 984 2107 gentem
1018 2055 1149 2101 fuisse,
1181 2055 1246 2094 sed
1278 2054 1443 2107 propriis
1466 2054 1686 2093 nationibus
1709 2054 2013 2106 nominibusque
2033 2067 2099 2093 eos
2121 2053 2288 2093 discerni

486 2126 616 2177 (vei-ha
648 2132 740 2165 sunt
771 2125 891 2164 Taciti
923 2125 1050 2163 Germ.
1075 2124 1157 2175 38),
1190 2124 1360 2175 itemque
1393 2123 1659 2162 Marcomanos
1697 2123 1817 2162 fuisse
1858 2136 1902 2162 ex
1944 2122 2083 2162 Suebis
2115 2122 2288 2170 (Tacitus

485 2208 574 2234 ann.
610 2196 653 2241 1,
684 2196 748 2232 44.
791 2194 827 2241 2,
852 2194 903 2233 62
935 2194 1011 2241 al.).
1072 2192 1199 2232 Nihilo
1241 2193 1369 2231 minus
1401 2192 1543 2231 mirum
1577 2198 1636 2230 est
1666 2192 1739 2230 1106
1770 2191 1998 2230 vocabulum
2031 2189 2146 2237 adici,
2187 2195 2288 2229 tam-

485 2276 599 2315 quam
646 2264 684 2302 in
730 2263 871 2315 populo
917 2262 1123 2301 notissimo
1169 2261 1490 2301 determinatione
1536 2261 1661 2312 aliqua
1701 2274 1797 2312 opus
1837 2266 1938 2299 esset
1978 2259 2036 2298 vel
2073 2259 2120 2298 ab
2159 2270 2289 2298 errore

485 2332 711 2372 cavendum.
788 2332 859 2370 Sed
904 2331 966 2370 ubi
1009 2331 1145 2370 scribis
1183 2330 1402 2382 Suebisque,
1451 2330 1534 2370 vide
1571 2343 1619 2369 ne
1659 2331 1697 2368 in
1745 2329 1989 2368 difficultates
2026 2327 2172 2367 iucidas
2210 2339 2288 2366 non

488 2402 612 2441 solum
646 2400 857 2452 graviores,
891 2400 956 2439 sed
989 2400 1100 2451 plane
1132 2399 1424 2451 insuperabiles.
1476 2398 1530 2437 Ad
1563 2398 1663 2450 regis
1695 2410 1838 2436 nomen
1870 2397 1971 2448 quod
2005 2397 2153 2443 attinet,
2186 2396 2289 2448 quod

486 2476 637 2509 constet
672 2469 809 2508 litteris
843 2468 987 2508 Latinis
1020 2481 1051 2507 6.
1075 2481 1157 2514 vni,
1198 2468 1352 2507 Graecis
1383 2480 1493 2513 c.1x,
1534 2468 1642 2506 finiat
1678 2467 1716 2505 in
1754 2480 1839 2513 rus,
1879 2465 2190 2505 Muellenhoffius
2221 2465 2289 2504 ad-

488 2538 639 2577 monuit
692 2537 764 2576 loci
810 2536 931 2576 Taciti
978 2537 1106 2576 Germ.
1150 2535 1224 2575 42:
1284 2536 1537 2575 Marcomanis
1585 2535 1799 2587 Quadisque
1849 2547 1966 2586 usque
2017 2534 2066 2573 ad
2119 2540 2290 2573 nostram
2345 2566 2349 2569 .

486 2610 703 2646 memoriam
736 2618 838 2658 reyes
870 2613 1089 2644 manserunt
1120 2618 1168 2645 eoe
1195 2612 1300 2656 [Jeme
1331 2608 1510 2656 ipsorum,
1543 2605 1666 2644 nobile
1697 2604 1923 2643 Marobodui
1949 2610 1983 2642 et
2015 2603 2134 2642 Tudri
2159 2615 2287 2655 9611115.

489 2676 561 2715 Sed
600 2675 802 2714 admonuit
837 2674 929 2713 item
970 2674 1142 2713 Tudrum
1184 2674 1289 2712 1111116
1328 2674 1506 2720 Quadum
1548 2673 1667 2712 fuisse
1704 2685 1830 2724 neque
1869 2673 1969 2724 apud
2008 2677 2181 2711 vetustos
2218 2684 2290 2710 au-

487 2750 612 2783 ctores
642 2744 906 2782 Marcomanos
933 2743 1164 2793 Quadosque
1196 2742 1392 2781 confundi.
1444 2742 1521 2781 Nec
1552 2754 1739 2781 numerus
1771 2741 1986 2781 litterarum
2019 2740 2051 2780 is
2082 2746 2142 2780 est
2171 2752 2287 2792 quem

487 2813 581 2864 lapis
614 2812 787 2864 requirit.

622 2929 650 2968 ¹)
674 2928 799 2959 Nomen
833 2927 1053 2969 peiseriptuin
1089 2927 1208 2958 nummi
1240 2938 1303 2958 non
1331 2927 1565 2969 suppeditant,
1593 2936 1665 2957 nain
1690 2933 1901 2966 TlNCOM,
1927 2925 2011 2966 quod
2037 2924 2070 2956 in
2096 2923 2289 2966 quibusdam

490 2984 683 3022 invenitur,
714 2984 753 3014 ad
789 2983 986 3015 vocabulum
1013 2983 1211 3024 explendum
1239 2983 1296 3013 xix
1321 2988 1412 3013 reete
1437 2981 1630 3019 adhibetur,
1663 2990 1736 3011 cum
1761 2979 1866 3019 magis
1892 2979 1939 3010 sit
1963 2977 2021 3009 Tin
2038 3004 2043 3010 .
2061 3003 2066 3009 .
2082 3002 2089 3009 .
2118 2978 2194 3009 Com
2211 3000 2240 3008 ..
2256 3000 2264 3008 .
2280 3001 2287 3008 .

490 3040 551 3071 lilii
582 3040 746 3071 vocabulo
782 3041 923 3081 omisso,
957 3046 990 3071 et
1017 3041 1143 3072 incerta
1175 3041 1346 3071 admodum
1375 3040 1568 3071 coniectura
1594 3037 1762 3069 Erausius
1787 3038 1825 3068 ad
1852 3037 1988 3067 eundem
2015 3046 2124 3075 regem
2152 3034 2289 3066 rettulit

490 3107 652 3128 nummum
680 3097 877 3139 inscriptum
896 3122 902 3129 .
922 3122 928 3129 .
950 3122 958 3128 .
979 3122 984 3129 .
1004 3099 1138 3137 nimios,
1165 3107 1279 3128 nomen
1307 3107 1348 3129 ex
1374 3101 1513 3137 utraque
1539 3094 1686 3127 lectione
1711 3092 1860 3125 efficiens
1890 3091 2127 3124 Tincommias.
