2430 3394
355 99 380 137 8
1151 90 1180 131 I,
1210 90 1346 124 16—19

355 229 388 254 V.
415 216 463 253 17
495 212 683 265 stipenfflis
714 212 888 262 emerv‘pis
920 211 1055 262 scripsi
1085 209 1220 248 collato
1251 209 1336 247 loco
1368 207 1404 254 3,
1437 206 1488 245 30
1520 218 1589 258 pro
1621 207 1889 259 supplemento
1918 208 2015 246 male
2045 208 2145 245 facto
2195 237 2198 242 .

356 284 528 335 priorum
568 280 771 332 stipevddiis
806 280 959 330 solentis.
1002 302 1054 305 Ἀ
1092 291 1124 315 V.
1151 276 1201 316 18
1234 276 1468 328 aliquantum
1503 275 1619 326 plura
1650 275 1779 327 potius
1815 276 1889 315 fuit
1925 287 2040 327 quam
2073 275 2146 314 ali-

355 359 493 405 quanto
534 350 620 402 plus
664 355 822 401 propter
864 349 992 387 hiatus
1036 345 1245 390 ambitum,
1292 346 1338 382 cf.
1368 343 1411 387 3,
1440 343 1512 381 21:
1558 343 1677 383 millia
1715 345 1832 395 paulo
1877 344 1994 396 plura
2037 357 2148 396 quam

357 422 526 460 ducenta.
567 443 619 447 —-
655 419 697 457 ln
732 418 776 456 iis
807 430 904 468 quae
942 419 1159 466 sequuntur
1191 413 1332 451 Graeca
1373 424 1449 451 non
1496 411 1626 450 iuvant
1672 418 1749 451 tota
1786 414 1864 451 fere
1902 412 2147 464 pessumdata

358 487 654 539 sprevimusque
685 491 905 525 commenta
937 485 981 523 de
1013 483 1072 521 his
1094 480 1246 532 Bergkii
1276 480 1521 519 abhorrentia
1543 480 1657 519 etiam
1690 494 1710 519 a
1741 493 1827 519 vera
1858 481 2023 520 lectione
2053 493 2149 532 pau-

358 568 490 595 carum
529 567 692 607 quarum
732 554 891 593 umbrae
931 556 1145 591 cernuntur
1182 550 1411 588 litterarum.
1479 549 1583 588 Idem
1616 549 1841 588 Latinorum
1881 550 2151 602 supplementa

357 623 643 663 commendavit
680 623 772 661 haec
802 634 921 673 agros.
947 619 1165 671 a[rlsv'9nczvi]
1203 626 1269 657 aut
1303 621 1504 669 pecuniam
1538 630 1608 669 pro
1645 619 1821 669 p[raemis
1857 618 2024 669 milit]2‘ae
2055 619 2149 665 decli,

358 705 436 731 non
468 697 583 730 recte.
644 691 738 729 Nam
772 690 941 741 primum
973 688 1012 726 in
1044 687 1166 739 lapide
1199 700 1231 725 v,
1259 687 1308 725 19
1340 693 1428 738 post
1458 686 1604 725 hiatum
1642 699 1730 725 cum
1769 692 1949 726 cernatur
1982 688 2038 726 sic
2072 688 2151 726 fere

360 766 520 807 smus,
557 760 594 798 id
627 766 685 798 est
714 758 863 797 litterae
897 772 905 795 1
938 756 1147 807 vestigium
1180 761 1218 794 et
1254 755 1421 807 spatium
1453 761 1660 806 angustum
1695 768 1871 801 vacuum,
1904 768 1973 807 pro
2010 755 2151 806 quibus

360 836 489 869 tamen
527 828 640 867 etiam
687 842 710 864 A
754 826 903 864 videtur
941 837 1053 876 posse
1092 823 1232 869 fuisse,
1275 822 1411 862 deinde
1444 836 1475 860 M
1514 823 1642 875 potius
1682 836 1797 875 quam
1831 837 1896 870 ιΑ,
1935 823 2100 875 denique
2133 836 2152 861 ε

359 905 481 939 certa,
522 897 641 948 magis
673 896 717 935 ad
751 908 849 933 ΑΜΕ
890 906 1006 945 quam
1046 893 1090 932 ad
1129 905 1257 930 1τιΑΕ
1298 904 1381 931 sese
1419 891 1723 931 accommodant.
1799 892 1943 931 Deinde
1983 892 2151 943 spatium

358 967 462 1019 quod
508 972 614 1004 vacat
658 966 759 1004 inter
802 976 916 1002 PROP
963 968 1001 1001 et
1044 974 1134 999 ΛΛΕ
1179 973 1317 1000 novem
1363 960 1421 999 vel
1467 960 1513 999 ad
1559 973 1758 999 summum
1804 961 1936 1000 decem
1982 960 2153 999 elemen-

360 1042 486 1074 torum
533 1034 846 1085 supplementum
889 1030 990 1082 quod
1030 1037 1089 1069 est
1128 1042 1330 1068 PRAemis
1370 1042 1499 1067 MILIT
1539 1041 1617 1067 non
1658 1029 1769 1081 capit.
1834 1029 1955 1068 Porro
2000 1029 2153 1068 inanius

359 1103 666 1143 additamentum
712 1113 828 1152 quam
872 1098 1072 1151 pecuniam
1120 1098 1171 1137 ita
1216 1104 1304 1150 post
1349 1097 1538 1149 stipendia
1581 1098 1739 1137 emerita
1784 1104 2027 1137 numeratam
2075 1097 2155 1136 dari

361 1185 428 1224 pro
466 1172 649 1223 praemiis
681 1154 937 1209 militiae⁸vix
978 1167 1115 1219 opinor
1152 1166 1293 1218 poterit
1331 1166 1547 1217 excogitari.
1614 1166 1787 1218 Denique
1827 1167 1929 1218 quod
1970 1166 2155 1218 Bergkius

360 1240 494 1279 scribit
544 1240 761 1290 Augustum
815 1250 893 1277 non
949 1235 1106 1288 privatis
1161 1235 1300 1287 opibus
1355 1247 1465 1285 agros
1517 1234 1657 1274 emisse
1710 1242 1773 1275 aut
1832 1235 2035 1287 pecuniam
2088 1247 2156 1273 sua

361 1309 534 1360 impensa
573 1307 759 1346 militibus
797 1306 864 1357 qui
901 1305 1090 1357 stipendia
1122 1304 1382 1343 emeruissent
1411 1303 1658 1355 persolvisse,
1698 1304 1771 1343 hoc
1811 1304 1914 1343 enim
1953 1316 2036 1342 esse
2069 1316 2090 1341 α
2121 1315 2158 1342 se

360 1378 470 1423 (lare,
512 1376 616 1415 velut
647 1375 747 1427 apud
778 1373 1008 1414 Suetonium
1047 1374 1141 1424 Aug.
1174 1373 1225 1411 40
1264 1373 1431 1423 legatur:
1470 1372 1669 1412 tribulibus
1707 1376 1784 1412 sm‘s
1819 1374 1875 1412 die
1913 1374 2157 1413 comitiorum.

360 1459 405 1485 ne
451 1445 539 1497 quid
585 1458 607 1483 α
653 1456 839 1496 quoquam
883 1443 1085 1482 candidato
1139 1441 1408 1487 desiderarent,
1460 1441 1608 1492 singula
1659 1442 1763 1480 milia
1812 1454 2011 1481 nummum
2055 1454 2078 1480 a
2121 1453 2158 1479 se

364 1514 570 1558 dividebat,
617 1512 846 1551 sententiam
886 1510 1147 1563 supplementi
1184 1509 1260 1548 mei
1297 1515 1399 1548 recte
1438 1509 1643 1548 adsecutus
1683 1515 1742 1548 est
1780 1510 1877 1561 (ipse
1916 1509 2158 1548 laudaveram

362 1584 491 1622 locum
539 1581 760 1620 Trinummi
804 1579 1010 1619 Plautinae‘
1052 1579 1130 1618 182
1177 1593 1200 1618 a.
1245 1591 1302 1617 me
1346 1584 1542 1629 ctryentum
1586 1578 1688 1624 (ledi,
1742 1578 2038 1630 composuitque
2090 1577 2160 1617 alia

363 1651 561 1703 complura
594 1650 767 1701 exempla
798 1649 1035 1688 locutionum
1071 1650 1160 1687 dare
1192 1649 1236 1687 ab
1268 1646 1345 1690 illo,
1376 1646 1520 1686 solvere
1551 1647 1596 1685 ab
1627 1647 1702 1693 illo,
1735 1647 1858 1698 legare
1889 1648 1934 1686 ab
1966 1648 2032 1687 illo
2054 1646 2160 1686 Han-

364 1720 450 1759 dius
482 1720 521 1758 in
552 1718 769 1757 Tursellino
806 1719 823 1756 1
857 1731 893 1769 p.
919 1718 999 1768 16),
1039 1717 1112 1755 1106
1149 1715 1349 1768 ignoravit,
1387 1715 1489 1765 quod
1529 1715 1594 1766 qui
1632 1715 1671 1754 in
1710 1716 1803 1754 haec
1841 1716 1968 1755 studia
1998 1715 2162 1767 inquirit

364 1788 541 1839 ignorare
572 1799 650 1825 non
683 1786 826 1825 debuit.
858 1785 1046 1837 quidquid
1078 1798 1123 1823 ex
1155 1786 1246 1823 fisco
1284 1783 1467 1836 penditur
1504 1784 1590 1822 licet
1628 1796 1672 1821 ex
1712 1784 1865 1835 publica
1906 1797 2030 1826 causa.
2072 1796 2161 1823 vere

363 1869 410 1895 ex
454 1854 689 1907 patrimonio
731 1854 915 1906 principis
960 1853 1163 1906 proficisci.
1231 1853 1282 1892 Ea
1329 1853 1374 1891 de
1417 1865 1457 1890 re
1505 1852 1590 1890 data
1637 1865 1751 1904 opera
1798 1853 1957 1904 exposui
2002 1853 2041 1892 in
2078 1853 2162 1892 iure

364 1924 516 1976 publico
547 1924 723 1962 Romano
762 1923 833 1961 vol.
864 1922 887 1960 2
919 1935 955 1974 p.
988 1923 1066 1961 957
1087 1934 1184 1973 seq.,
1227 1928 1264 1960 et
1300 1921 1412 1960 hodie
1449 1921 1489 1959 ni
1528 1921 1638 1959 fallor
1676 1934 1725 1960 116
1764 1921 1965 1973 philologis
2005 1921 2161 1973 quidem

366 1994 495 2044 ignota
527 1998 602 2038 est,
642 1993 688 2031 iis
730 1991 873 2030 scilicet
904 1990 1092 2043 exceptis,
1130 1990 1195 2042 qui
1227 2003 1246 2029 a
1277 1989 1562 2028 iurisconsultis
1594 1988 1739 2028 discere
1769 1995 1837 2029 aut
1865 1995 2067 2041 nequeunt
2096 1994 2164 2029 aut

364 2062 512 2101 nolunt.
563 2060 695 2112 Neque
717 2060 924 2111 quicquam
947 2059 1069 2110 magis
1091 2071 1314 2111 perversum
1338 2057 1524 2109 Bergkius
1547 2057 1678 2109 posuit
1699 2070 1814 2109 quam
1839 2071 1936 2109 quae
1958 2071 1994 2110 p.
2013 2058 2065 2097 85
2083 2070 2162 2109 seq.

364 2132 546 2182 leguntur
583 2130 628 2168 de
660 2129 845 2181 impensis
877 2128 923 2167 ab
954 2128 1128 2179 Augusto
1159 2127 1269 2166 factis
1300 2126 1382 2165 aliis
1413 2139 1458 2165 ex
1490 2127 1603 2172 fisco,
1644 2126 1727 2165 aliis
1759 2139 1803 2165 ex
1834 2126 2086 2178 patrimonio,
2125 2132 2165 2166 et

366 2199 479 2238 verba
500 2198 613 2237 nobis
635 2198 710 2245 dat,
742 2197 809 2237 ubi
830 2198 1026 2248 Augustus
1057 2197 1110 2235 ait
1131 2196 1167 2243 3,
1199 2196 1252 2234 34
1284 2208 1352 2234 sua
1382 2195 1543 2246 pecunia
1565 2195 1707 2234 iuvisse
1729 2208 1769 2234 se
1791 2196 1992 2242 aerarium,
2025 2197 2162 2235 fiscum

366 2267 572 2319 significari
603 2272 788 2312 statuens,
821 2265 886 2304 ubi
916 2265 1018 2304 idem
1052 2264 1185 2303 scribit
1214 2264 1273 2303 vel
1303 2270 1405 2302 certe
1438 2263 1637 2315 scripsisse
1664 2264 1874 2315 putabatur
1904 2264 1940 2312 3,
1964 2266 2012 2303 41
2048 2277 2089 2304 se
2118 2278 2162 2304 ex

368 2337 446 2375 suis
478 2335 616 2387 opibus
648 2337 888 2373 frumentum
920 2334 1122 2380 coemisse,
1155 2332 1361 2383 significari
1391 2332 1669 2384 patrimonium
1702 2339 1739 2371 et
1761 2332 1797 2371 id
1821 2345 1940 2383 genus
1962 2333 2044 2380 alia,
2067 2346 2165 2385 quae

367 2406 509 2443 referre
542 2403 787 2455 supersedeo.
820 2425 874 2431 -—
905 2402 975 2441 Hic
1006 2402 1097 2454 quid
1128 2402 1255 2448 fuerit,
1288 2401 1402 2440 index
1433 2401 1513 2453 ipse
1534 2401 1751 2440 luculenter
1771 2402 1939 2441 ostendit
1960 2403 2082 2455 capite
2103 2416 2164 2441 xvl

369 2473 423 2524 (3,
447 2472 642 2519 22—33),
674 2471 741 2510 ubi
772 2471 925 2510 eaedem
958 2470 1248 2509 numerationes
1279 2470 1442 2509 redeunt
1472 2469 1648 2508 similiter
1670 2470 1892 2522 bipertitae:
1925 2471 2070 2510 scilicet
2090 2471 2167 2523 agit

369 2541 421 2579 ibi
443 2542 642 2592 Augustus
673 2540 843 2592 primum
877 2540 923 2578 de
952 2539 1114 2591 pecunia
1137 2539 1261 2578 soluta
1285 2551 1352 2577 sua
1374 2538 1600 2577 liberalitate
1622 2551 1691 2590 pro
1714 2538 1826 2590 agris,
1858 2552 1955 2590 quos
1978 2539 2164 2579 militibus

370 2610 409 2648 in
438 2610 604 2648 colonias
627 2608 800 2647 deductis
831 2608 1052 2657 adsignarit,
1085 2608 1151 2659 qui
1182 2614 1275 2646 sunt
1305 2607 1419 2646 huius
1450 2607 1523 2645 loci
1554 2608 1631 2657 agri
1663 2607 1710 2645 ab
1741 2607 1824 2658 ipso
1857 2608 1995 2659 empti,
2027 2607 2166 2647 deinde

370 2678 415 2716 de
436 2677 618 2729 praemiis
646 2678 860 2716 numeratis
892 2676 1079 2715 militibus
1112 2676 1151 2715 in
1182 2676 1391 2727 municipia
1423 2688 1491 2714 sua
1521 2675 1706 2723 remissis,
1738 2688 1834 2727 quae
1866 2682 1924 2715 est
1954 2676 2070 2715 huius
2092 2677 2166 2716 loci

368 2746 531 2796 pecunia
562 2759 582 2784 a
602 2746 762 2785 Caesare
793 2746 890 2784 data.
933 2745 1041 2784 Unde
1072 2745 1164 2784 item
1196 2744 1432 2795 intellegitur
1453 2743 1567 2782 verba
1590 2744 1732 2783 deduxi
1756 2748 1794 2783 in
1817 2745 1981 2784 colonias
2010 2745 2166 2797 proprie

370 2814 563 2865 pertinere
603 2814 647 2853 ad
687 2827 797 2865 agros
835 2814 961 2860 datos,
999 2826 1096 2864 quae
1128 2819 1346 2864 sequuntur
1376 2815 1504 2852 remisi
1530 2815 1570 2851 in
1600 2815 1804 2864 municipia
1834 2826 1903 2852 sua
1932 2813 2088 2865 proprie
2118 2814 2165 2853 ad

370 2883 574 2933 pecuniam
614 2883 754 2921 datam.
816 2882 916 2920 Haec
954 2882 1072 2932 igitur
1106 2894 1195 2920 cum
1226 2887 1401 2920 accurate
1433 2888 1471 2920 et
1500 2881 1612 2932 plene
1651 2881 1892 2928 conveniant,
1924 2882 2038 2922 simul
2076 2883 2165 2922 inde

370 2950 604 3001 intellegitur
643 2963 692 2989 ne
724 2951 770 2989 ab
801 2951 873 2989 hoc
904 2949 1059 3001 quidem
1092 2950 1214 3001 capite
1245 2950 1379 2989 abesse
1408 2962 1521 3001 posse
1552 2950 1590 2989 id
1621 2950 1661 2988 in
1693 2963 1768 3001 quo
1801 2955 1879 2988 tota
1910 2961 1970 2988 res
2001 2951 2166 2989 vertitur

370 3019 537 3070 praemia
575 3019 669 3057 haec
699 3019 887 3058 militibus
924 3018 1195 3070 imperatorem
1234 3019 1280 3057 de
1312 3030 1382 3056 suo
1419 3018 1702 3065 numeravisse,
1740 3018 1868 3068 itaque
1899 3030 1977 3056 non
2014 3018 2087 3057 hoc
2117 3019 2166 3058 de
