2430 3394
489 132 569 171 110
1272 128 1314 171 V,
1342 130 1476 163 24—31

486 250 642 287 fuerunt
678 247 963 287 coniunximus.
1030 248 1208 287 Armenia
1252 248 1483 299 intellegitur
1534 247 1672 293 maior,
1713 247 1832 286 Media
1869 254 1995 286 autem
2035 249 2267 299 Atropatene

486 316 586 354 inter
617 316 836 355 Armeniam
878 317 1187 367 Parthorumque
1227 329 1388 367 regnum
1430 316 1666 367 interposita,
1706 317 1749 355 de
1789 329 1863 366 qua
1901 317 2037 355 Strabo
2072 318 2133 363 11,
2160 317 2265 364 1:3,1

486 398 521 436 p.
555 384 632 423 523
679 391 882 436 postquam
921 386 1088 424 narrarit
1124 386 1332 435 Atropaten
1376 385 1473 423 lianc
1508 385 1641 423 Medici
1681 385 1784 435 regni
1822 384 2055 436 provinciam
2095 398 2112 423 a
2146 385 2270 423 Mace-

487 454 651 492 donibus
698 454 914 493 defendisse
956 461 994 493 et
1030 467 1157 504 rogem
1206 460 1406 505 propterea
1451 454 1682 505 appellatum
1729 453 1927 505 proprium
1973 453 2063 492 iude
2108 465 2269 504 regnum

487 523 657 561 essecisse
701 521 922 573 (βασιλεὺς
959 519 1270 574 ιῖναγορθυθείς
1309 520 1403 571 ἰδίᾳ
1442 521 1641 566 συνέμιξε
1687 522 1788 560 καθ’
1836 518 1967 575 αι’*ῑὴν
2015 521 2086 575 ιὴν
2129 517 2272 574 χώραν

487 588 672 643 ταύῐην),
705 591 753 629 110
786 590 926 642 pergit:
959 589 1030 630 καὶ
1065 587 1085 642 ἡ
1119 588 1302 642 διαδοχὴ
1335 587 1515 635 <wigman
1549 591 1666 642 μέχρι
1704 590 1778 629 νῦν
1808 588 1854 635 ἒξ
1883 587 2061 637 ἐκείνου,
2096 588 2202 642 πρός
2229 602 2273 628 τε

486 658 584 705 τοίς
609 656 842 711 {longari-(ov
872 657 1079 710 βασιλέας
1111 659 1419 711 ποιησαμένων
1449 657 1689 711 ἐπιγαμίας
1720 659 1801 699 ’[ὦν
1834 654 2008 711 ὕστερον
2032 658 2104 697 καὶ
2125 656 2274 711 Σύρων

487 727 557 766 καὶ
592 727 700 780 μετὰ
729 727 863 767 ταῦτα
901 727 1182 779 Παρθυαίων.
1243 728 1285 765 A.
1310 727 1388 766 718
1430 741 1516 766 cum
1557 728 1748 767 Antonius
1787 728 1997 766 exercitum
2038 728 2195 766 duceret
2234 726 2273 764 in

490 796 651 835 Parthos
690 797 792 834 socio
824 796 1067 843 Artavasde1)
1107 808 1195 846 rege
1225 795 1518 843 Armeniorum,
1557 797 1727 836 eiusdem
1770 796 1939 835 nominis
1971 796 2169 835 Medorum
2209 808 2274 834 rex

490 866 589 903 lilius
621 864 882 903 Ariobarzanis
921 864 1021 915 (vide
1056 864 1170 914 iufra)
1203 865 1393 903 Armeniis
1424 866 1596 904 infensus
1630 866 1848 905 societatem
1884 865 1974 904 fecit
2004 878 2090 904 cum
2123 864 2275 903 Parthis

490 933 709 983 bellumque
741 946 784 971 eo
815 945 916 971 anno
948 939 1098 983 gestum
1131 940 1188 972 est
1221 933 1385 972 maxime
1416 934 1455 972 in
1487 934 1568 986 ipsa
1601 935 1832 986 Atropatene
1856 934 2072 985 (Drumann
2107 935 2140 980 1,
2164 932 2274 983 453).

490 1003 676 1053 Regresso
708 1002 795 1040 inde
826 1008 914 1053 post
944 1014 1102 1052 magnas
1142 1002 1266 1041 clades
1298 1003 1463 1042 Antonio
1505 1010 1698 1055 ruptoque
1738 1016 1795 1050 re,
1829 1016 1904 1041 non
1937 1004 2094 1041 nomine
2124 1003 2276 1041 foedere

490 1084 578 1109 cum
610 1070 814 1117 Armeniis,
847 1071 911 1121 qui
943 1070 1137 1109 Romanos
1170 1071 1293 1110 socios
1324 1071 1584 1123 prodidissent
1614 1079 1652 1111 01
1683 1072 1956 1118 deseruissent,
1988 1085 2020 1109 a.
2044 1071 2125 1110 719
2147 1071 2277 1110 Medo-

490 1152 576 1177 rum
620 1152 684 1177 rex
727 1139 879 1178 Phraati
918 1146 1075 1191 propter
1112 1139 1294 1179 iniustam
1336 1141 1498 1192 praedae
1539 1141 1765 1180 divisionem
1798 1153 2029 1179 succensens
2060 1139 2277 1190 timensque

490 1213 703 1259 praeterea,
742 1220 788 1246 ne
830 1221 947 1258 regno
984 1208 1030 1246 ab
1068 1221 1112 1246 eo
1148 1208 1382 1259 privaretur,
1424 1210 1469 1247 ad
1500 1209 1655 1247 Antonii
1692 1216 1818 1261 partes
1853 1208 2003 1247 transiit
2030 1208 2278 1259 (Plutarchus

489 1277 576 1314 Ant.
601 1276 671 1322 52;
704 1276 773 1315 Dio
803 1277 867 1323 49,
892 1276 962 1327 33)
993 1282 1030 1315 et
1061 1277 1203 1315 bellum
1236 1278 1405 1329 suscepit
1426 1284 1559 1316 contra
1582 1278 1743 1316 Parthos
1767 1277 1850 1322 (Dio
1873 1278 1937 1324 49,
1961 1278 2042 1325 44).
2088 1276 2278 1315 Antonius

490 1351 618 1383 autem
662 1345 916 1397 proditionem
957 1345 1056 1383 illam
1090 1346 1360 1384 Armeniorum
1396 1347 1546 1385 ulturus
1578 1347 1756 1385 Artaxata
1788 1348 1982 1397 profectus
2013 1359 2044 1384 a.
2068 1345 2147 1385 720
2179 1345 2279 1396 regis

491 1413 611 1465 ipsius
650 1414 774 1464 specie
813 1414 1001 1453 amicitiae
1044 1414 1080 1453 in
1123 1421 1245 1453 castra
1291 1415 1433 1453 evocati
1480 1414 1625 1466 potitus
1656 1421 1730 1461 est,
1763 1427 1877 1465 quem
1910 1420 2042 1465 postea
2073 1427 2104 1453 a.
2129 1414 2205 1452 721
2239 1413 2279 1451 in

492 1483 661 1533 Aegypto
694 1483 891 1533 Cleopatra
924 1483 1116 1522 interfecit
1147 1483 1362 1531 (Drumann
1397 1484 1430 1530 1,
1454 1483 1564 1533 489),
1596 1496 1836 1533 regnumque
1867 1483 2070 1521 destinavit
2102 1482 2177 1521 filio
2209 1495 2279 1521 suo

492 1564 535 1589 ex
569 1551 765 1602 Cleopatra
798 1552 1028 1599 Alexandro,
1075 1551 1136 1590 cui
1168 1552 1365 1590 Medorum
1405 1551 1503 1602 regis
1542 1551 1616 1589 lilia
1647 1552 1774 1602 lotape
1807 1552 1994 1603 desponsa
2027 1558 2085 1590 est
2105 1551 2192 1603 (Dio
2214 1551 2279 1598 49,

494 1620 558 1657 40.
582 1620 652 1666 443
687 1621 782 1658 infra
815 1633 850 1671 p.
878 1621 984 1671 111).
1026 1620 1169 1659 Eodem
1205 1626 1373 1672 tempore
1396 1620 1664 1658 adiuvantibus
1697 1620 1778 1658 sine
1810 1621 1925 1659 dubio
1955 1620 2122 1660 Antonio
2149 1626 2187 1659 et
2208 1620 2281 1658 Ar-

493 1688 644 1726 tavasde
666 1688 775 1726 Medo
810 1689 844 1726 in
868 1688 1019 1727 Parthis
1051 1689 1187 1728 seditio
1219 1696 1299 1727 orta
1331 1695 1390 1728 est
1415 1689 1615 1740 coepitque
1646 1689 1697 1727 ihi
1719 1688 1906 1728 Tiridates
1930 1689 1976 1728 de
1997 1700 2114 1738 regno
2136 1693 2282 1726 certare

493 1768 580 1795 cum
613 1756 788 1795 Phraate.
847 1758 1073 1796 Artavasdes
1110 1758 1205 1796 alter
1244 1770 1310 1796 rex
1340 1758 1611 1796 Armeniorum
1644 1757 1817 1808 Tigranis
1850 1757 1991 1808 tilius2)
2024 1755 2198 1802 Antonii,
2241 1761 2283 1794 01

496 1825 607 1863 modo
645 1825 740 1869 dixi,
779 1826 816 1864 in
860 1826 956 1865 bello
988 1826 1165 1865 Parthico
1202 1826 1349 1873 socius,
1391 1839 1479 1865 mox
1511 1832 1639 1865 autem
1671 1826 1716 1865 ab
1749 1840 1792 1865 eo
1824 1833 1959 1878 captus
1990 1832 2028 1865 et
2058 1825 2282 1864 interfectus

495 1893 591 1931 lilios
635 1894 767 1932 habuit
806 1894 972 1933 Artaxen
1016 1894 1088 1945 (sic
1134 1895 1346 1946 appellatur
1391 1895 1438 1933 ab
1475 1895 1648 1946 Augusto
1699 1895 1737 1933 in
1779 1895 1905 1934 indice
1947 1895 2020 1933 hoc
2058 1894 2140 1932 loco
2179 1905 2284 1932 nunc

495 1962 651 2001 demum
690 1971 794 2001 recte
828 1963 925 2002 lecto
965 1963 1135 2015 itemque
1173 1964 1272 2015 apud
1304 1964 1463 2002 Dionem
1498 1964 1562 2010 49,
1585 1964 1650 2003 39.
1675 1964 1737 2002 40.
1762 1965 1826 2002 44.
1851 1965 1915 2011 51,
1941 1965 2003 2011 10,
2034 1975 2165 2001 errore
2188 1958 2284 2013 Ἆρ-

494 2028 622 2084 τάζης
660 2032 730 2079 54,
768 2032 811 2079 93
858 2038 990 2071 contra
1034 2033 1133 2084 apud
1179 2032 1359 2071 Velleium
1401 2033 1443 2079 2,
1484 2033 1536 2071 94
1582 2039 1640 2071 est
1687 2033 1912 2079 Arlcmzdes,
1963 2032 2064 2084 apud
2107 2030 2282 2070 Tacitum

495 2112 582 2138 aun.
605 2099 641 2147 ⁶2,
665 2100 687 2138 3
726 2107 763 2139 et
799 2100 1006 2153 Iosephnm
1037 2108 1114 2140 ant.
1147 2102 1208 2148 15,
1239 2102 1275 2148 4,
1299 2102 1322 2140 3
1356 2101 1550 2153 Artaxias)
1581 2107 1672 2140 natu
1707 2102 1917 2140 maximum
1948 2101 2150 2153 (Iosephus
2176 2099 2199 2137 l.
2231 2112 2284 2146 c.;

497 2168 565 2207 Dio
595 2169 618 2207 1.
641 2171 689 2217 0.)
730 2175 768 2207 et
798 2170 1022 2221 Tigranem,
1063 2170 1219 2209 tertium
1258 2170 1377 2209 filium
1417 2169 1451 2208 ei
1489 2170 1606 2208 fuisse
1645 2177 1839 2221 praeterea
1880 2170 2056 2222 ignotum
2095 2169 2285 2220 colligitur

631 2320 655 2361 ¹)
683 2321 730 2352 Ad
759 2322 899 2353 nominis
925 2321 1062 2353 sormam
1089 2322 1172 2364 quod
1198 2322 1332 2361 attinet,
1358 2331 1419 2353 rex
1444 2321 1574 2353 Mediae
1601 2322 1631 2364 6,
1652 2321 1688 2353 11
1717 2320 1835 2353 Latine
1861 2320 2047 2362 appellatur
2065 2319 2286 2363 Artavazdes,

498 2376 627 2409 Graece
653 2374 876 2423 Ἀρταβάζης,
909 2379 939 2421 6,
965 2380 976 2411 1
1012 2380 1081 2417 (ubi
1108 2379 1228 2411 Latina
1263 2379 1433 2419 deficiunt)
1462 2378 1589 2410 Graece
1615 2381 1736 2423 Αρταο
1756 2403 1762 2409 .
1779 2389 1896 2418 ...ης,
1923 2379 1953 2418 5,
1971 2377 2011 2408 29
2038 2377 2155 2410 Latine
2179 2378 2287 2410 Arta-

498 2435 618 2474 bnjzes]
652 2435 786 2476 (reiecit
810 2437 841 2468 id
870 2437 1032 2477 Bergkius
1059 2448 1086 2479 p.
1116 2437 1176 2470 103
1202 2437 1381 2468 admissum
1406 2447 1424 2467 a
1448 2446 1497 2467 me
1522 2436 1554 2467 in
1581 2437 1630 2467 ed.
1650 2436 1761 2477 priore
1787 2439 1924 2478 propter
1948 2435 2125 2467 lectionem
2150 2434 2286 2467 Perroti

497 2490 655 2539 ARTAR3³‚
687 2498 721 2524 at
753 2503 833 2526 vere
866 2494 899 2525 in
929 2494 1036 2535 lapide
1062 2498 1114 2525 est
1143 2487 1333 2536 ΑΚΤΑΒΑᾏ),
1361 2492 1489 2524 Graece
1514 2488 1729 2537 Ἀρταβάζης-ς
1766 2502 1864 2533 nepos
1898 2492 2104 2532 cognominis
2129 2493 2160 2532 5,
2186 2492 2227 2523 30
2253 2495 2287 2523 et

500 2561 560 2582 rex
587 2550 821 2582 Armeniorum
847 2549 924 2580 item
951 2549 1158 2590 cognominis
1184 2549 1215 2590 5,
1243 2549 1283 2579 26
1310 2548 1429 2580 Latine
1455 2547 1675 2588 Artatus-(las,
1701 2547 1830 2579 Graece
1853 2541 2124 2591 Ἀρταουάσδης.
2170 2545 2286 2577 Incon-

499 2608 622 2639 stantia
648 2607 679 2638 in
708 2607 836 2637 nomine
864 2606 923 2637 illo
951 2617 1009 2647 per
1034 2618 1069 2638 se
1094 2606 1195 2638 facile
1221 2606 1418 2647 explicanda
1445 2608 1530 2646 (nam
1555 2606 1690 2637 aliunde
1717 2616 1844 2647 quoquc
1872 2608 2002 2635 constat
2019 2603 2114 2634 huius
2133 2601 2287 2635 vocabuli

499 2665 644 2706 quintam
677 2663 828 2694 litteram
858 2662 888 2693 in
915 2662 1091 2695 Occidenti
1125 2663 1312 2705 promiscue
1343 2662 1505 2694 redditam
1538 2673 1611 2694 esse
1637 2674 1695 2705 per
1721 2674 1772 2704 ου,
1799 2674 1828 2702 υ,
1852 2665 1882 2703 β,
1910 2661 2082 2704 septimam
2108 2661 2187 2693 item
2212 2670 2288 2702 pro-

499 2722 623 2752 miscue
649 2731 707 2763 per
732 2719 779 2761 ζδ,
803 2718 858 2760 σιῩ,
884 2719 912 2760 ζ)
945 2720 1160 2752 nihilominus
1191 2720 1242 2752 sic
1273 2725 1310 2751 nt
1339 2719 1393 2751 hic
1424 2720 1598 2752 invenitur
1630 2721 1714 2752 mira
1743 2720 1783 2752 ad
1810 2718 1937 2751 fabrum
1961 2719 2020 2750 vix
2047 2718 2152 2758 redit,
2183 2716 2286 2757 magis

500 2779 538 2810 ad
564 2779 670 2820 ipsum
696 2777 890 2820 principem.

632 2837 656 2875 2)
684 2835 816 2867 Ρο11·0111
847 2835 1022 2867 enuntiant
1052 2840 1186 2878 praeter
1216 2835 1401 2874 Augustum
1432 2835 1462 2867 h.
1494 2836 1516 2866 l.
1544 2834 1699 2878 Iosephus
1731 2841 1797 2867 ant.
1827 2835 1877 2877 15,
1901 2834 1931 2875 4,
1954 2834 1991 2874 33
2016 2833 2137 2865 Strabo
2165 2832 2216 2870 11,
2237 2832 2287 2871 14,

504 2894 542 2925 10
573 2905 602 2935 p.
629 2893 714 2932 5303
751 2893 811 2924 Dio
842 2893 969 2933 40,16.
1033 2893 1163 2925 Nummi
1202 2903 1243 2924 ex
1281 2898 1420 2932 argento
1458 2897 1490 2924 et
1527 2903 1621 2934 aere,
1653 2904 1734 2935 quos
1765 2892 1951 2934 composuit
1982 2891 2100 2923 Victor
2129 2888 2288 2930 Langlois

501 2953 771 2993 (llrllltt'srtlalz'qzle
800 2950 840 2982 de
867 2949 1062 2982 l’Arme'nie.
1103 2950 1245 2982 Parisiis
1274 2951 1368 2983 1559.
1396 2962 1423 2993 p.
1443 2950 1512 2992 34),
1537 2951 1576 2982 ab
1605 2961 1668 2981 una
1700 2954 1792 2992 parte
1821 2954 1920 2991 caput
1952 2948 2042 2989 regis
2075 2947 2286 2979 ostendentes

500 3012 622 3039 tectum
648 3009 748 3049 tiara,
777 3008 816 3040 ab
842 3009 950 3040 altera
976 3008 1131 3050 inseripti
1157 3009 1331 3050 βασιλέως
1354 3007 1530 3049 βασιλέων
1550 2999 1814 3053 Ἀρταουάσδου
1838 3006 1914 3038 huic
1940 3006 2012 3047 regi
2039 3004 2142 3036 tribui
2167 3003 2289 3043 solent,

502 3070 594 3098 recte
620 3071 656 3098 ut
682 3067 827 3099 videtur.
