2269 3409
406 166 525 201 XVIII

405 297 515 336 quam
556 287 765 321 cernuntur
804 279 931 323 hodie,
971 276 1090 328 lapide
1133 274 1285 312 interim
1327 273 1532 312 imminuto
1569 273 1773 324 superficie
1813 274 2037 314 dissiliente.
2106 278 2180 316 lam

405 351 686 392 recensebimus
718 348 863 399 singula
894 345 1076 396 exempla,
1109 355 1273 393 quorum
1305 342 1459 392 quidem
1492 341 1599 392 copia
1630 341 1743 380 nobis
1774 342 1856 381 fuit.

907 515 931 552 Ι.
955 530 959 532 ·
979 509 1351 557 BVSBEQVIANVM
1381 508 1662 547 EXEMPLVM.

535 619 841 670 Busbequianum
880 616 1095 667 exemplum
1137 614 1186 652 ita
1219 618 1420 664 exceptum
1453 625 1549 658 esse,
1583 618 1625 650 ut
1655 625 1699 650 ex
1732 613 1942 665 Busbequii
1973 615 2181 655 comitibus

401 689 461 727 alii
492 688 601 726 aliam
634 687 805 738 paginam
839 684 1107 727 describerent.
1141 682 1305 720 eflicitur
1336 694 1379 719 ex
1413 680 1658 719 adnotatione
1680 681 1779 719 Belsi
1802 682 1853 732 (v.
1879 683 1984 733 mox)
2007 683 2052 721 ad
2075 684 2182 735 pagi-

402 768 489 794 nam
535 755 703 793 tertiam:
748 761 833 793 nota
875 752 914 791 l).
950 750 1252 795 Dinvtsclmame,
1290 750 1385 788 lianc
1421 749 1460 788 3.
1485 750 1625 788 lineam
1665 753 1856 801 (paginam
1895 750 2088 803 intellege)
2127 765 2184 792 me

405 828 520 876 ipsimi
554 824 735 862 laboriose
767 823 1005 871 descripsisse,
1037 833 1120 858 cnm
1151 819 1219 857 alie·
1247 818 1333 857 (dz'e's
1365 819 1591 857 distributim
1621 830 1812 869 ageremus
1843 820 2021 871 officium.
2074 820 2183 860 Unde

401 905 477 930 non
510 891 648 930 mirum
682 896 738 929 est
770 890 937 927 diversos
969 887 1223 937 descriptores
1245 898 1326 924 rem
1350 886 1555 937 perfecisse
1577 899 1757 926 successu
1780 888 1989 927 admodum
2012 888 2181 928 diverso:

401 972 487 998 nam
529 959 662 1010 pagina
704 959 810 996 tertia
850 956 1050 995 exhibetur
1090 955 1254 1005 integra,
1295 961 1428 1005 quarta
1467 954 1614 1005 integra
1644 957 1926 1006 propemodum
1960 958 2009 1005 (v.
2035 956 2182 996 1-30,

402 1028 464 1066 33.
489 1028 684 1071 itt—54),
729 1032 769 1064 ut
811 1026 855 1063 de
892 1025 962 1062 hac
1000 1024 1092 1062 adeo
1129 1022 1319 1061 adscribat
1350 1023 1507 1061 Belsus:
1550 1030 1640 1062 nota
1676 1024 1744 1063 hac
1780 1027 1874 1063 serie
1914 1037 1980 1063 nec
2016 1025 2181 1069 verbum,

402 1097 533 1134 nedum
574 1108 716 1133 versum
750 1094 969 1137 desiderari.
1009 1092 1243 1142 reliquarum
1285 1097 1413 1142 partes
1451 1091 1605 1142 exiguae
1644 1097 1795 1131 tantum
1826 1099 1864 1131 et
1894 1094 1972 1131 fere
2003 1092 2182 1132 disiectae

403 1166 453 1209 (1,
493 1164 604 1200 1-4,
643 1162 678 1207 2,
715 1163 727 1199 1
759 1162 859 1199 414.
893 1162 928 1207 Ξ),
965 1159 1081 1198 ‘la-3.
1115 1160 1151 1206 6,
1187 1160 1220 1197 1.
1254 1159 1290 1197 9.
1326 1158 1403 1207 13).
1472 1159 1691 1211 Apograpbi
1734 1161 1786 1199 ita
1824 1160 2027 1200 coniuncta
2068 1173 2182 1213 opera

399 1231 753 1281 Busbequianorum
785 1230 908 1268 effecti
939 1229 1192 1267 innotuerunt
1223 1228 1394 1279 exempla
1427 1228 1568 1280 scripta
1599 1229 1743 1267 editave
1774 1229 1889 1268 haec:

532 1331 570 1381 1)
609 1330 706 1369 Belsi
744 1330 782 1368 in
821 1330 959 1381 sylloge
990 1329 1035 1368 ad
1067 1329 1453 1368 Dornschwammum
1485 1329 1601 1368 missa
1634 1329 1733 1380 (cod.
1767 1330 1889 1369 Guelf.
1910 1330 2005 1381 Aug.
2028 1330 2091 1369 fol.
2115 1331 2179 1378 77,

403 1400 451 1450 l),
484 1400 528 1437 de
560 1412 632 1449 qua
664 1398 830 1437 diximus
861 1398 900 1436 in
932 1399 970 1436 C.
993 1398 1018 1435 I.
1042 1397 1083 1436 L.
1106 1398 1155 1436 ΙΙΙ
1186 1411 1222 1449 p.
1247 1399 1283 1445 4,
1315 1400 1338 1435 f.
1363 1396 1584 1436 353—357
1616 1398 1683 1436 ubi
1712 1398 2009 1449 praescribitur:
2049 1399 2181 1438 Ancz're

396 1471 433 1506 in
469 1467 616 1507 Galatia
653 1470 858 1506 maximum
895 1468 1080 1518 palatium
1119 1468 1193 1518 fuit
1224 1469 1396 1518 Anguste}
1436 1467 1502 1505 ubi
1535 1469 1575 1505 in
1614 1469 1767 1505 introitu
1803 1478 1852 1505 ex
1888 1474 2046 1519 ucraque
2071 1474 2181 1518 parte

397 1548 455 1574 res
482 1542 578 1587 yeste
608 1536 763 1587 Augusti
790 1538 899 1574 incise
927 1537 1103 1586 fuerunt,
1144 1548 1236 1586 quae
1266 1548 1342 1574 ηοη
1372 1538 1496 1573 omnia
1528 1534 1600 1586 leyz'
1622 1535 1916 1585 prohibebamur
1947 1535 1988 1574 ob
2021 1547 2181 1574 curacur-

395 1617 476 1643 sum
508 1604 765 1643 barbarorum.
826 1603 1053 1654 Exemplum
1085 1603 1193 1642 foede
1225 1603 1397 1655 corrupit
1427 1603 1607 1642 librarius
1638 1603 1854 1654 ilnperituS.

526 1705 570 1757 2)
616 1706 739 1745 Codex
769 1705 928 1743 Yindob.
962 1704 1050 1742 bibl.
1082 1704 1186 1742 Caes.
1218 1717 1256 1742 n.
1285 1704 1394 1743 8219
1433 1703 1537 1752 (bist.
1561 1706 1658 1755 prof.
1680 1716 1718 1742 n.
1743 1703 1843 1751 3303
1876 1704 2009 1743 Chmel
2040 1704 2076 1751 2,
2109 1704 2178 1756 31)

397 1775 565 1826 exempla
598 1775 667 1814 tria
699 1774 871 1813 continet
901 1773 1070 1824 primum
1101 1773 1296 1823 quadratis
1328 1772 1465 1811 litteris
1488 1773 1674 1824 scripturn
1698 1773 1868 1823 plenum,
1900 1773 2063 1811 alterum
2084 1773 2177 1812 item

395 1843 605 1893 quadratis,
645 1843 745 1893 quod
782 1855 859 1881 non
901 1842 1072 1893 procedit
1109 1842 1207 1880 ultra
1246 1842 1494 1893 quadragiens
1526 1841 1562 1888 2,
1596 1842 1632 1888 4,
1668 1841 1822 1880 tertium
1855 1841 2084 1880 minusculis
2113 1841 2178 1881 lit-

398 1911 485 1949 teris
523 1911 706 1963 scriptum
744 1911 880 1949 liniens
918 1911 953 1948 in
997 1913 1143 1949 circiter
1173 1911 1210 1956 4,
1243 1909 1307 1948 42.
1369 1909 1649 1949 Praescribitur
1681 1910 1867 1960 ‘Ancyrae
1897 1912 1938 1949 in
1967 1909 2178 1949 suburbio'.

525 2004 564 2049 3)
597 2004 678 2043 cod.
702 2004 815 2042 Vatic.
840 2003 946 2042 o217
980 2002 1119 2042 11280.
1153 2001 1386 2041 293-295.
1447 2001 1531 2039 Vidi
1564 2007 1726 2048 tantum,
1759 2014 1836 2040 non
1868 2001 2065 2053 descripsi.

523 2096 563 2145 4)
594 2096 765 2134 Andreae
788 2094 948 2141 schotti,
979 2095 1044 2145 qui
1075 2100 1277 2145 acceptum
1308 2106 1327 2132 a
1350 2093 1570 2144 Busbequio
1602 2093 1752 2145 primus
1774 2093 1894 2133 edidit
1914 2106 2001 2133 cum
2024 2093 2177 2132 Aurelio

396 2162 542 2202 Victore
573 2164 814 2215 (Antverpiae
848 2163 969 2210 1579)
1003 2163 1120 2201 schol.
1152 2176 1188 2214 p.
1223 2162 1275 2201 69
1293 2175 1348 2213 sq.

524 2256 564 2305 5)
609 2255 724 2306 Lipsii
761 2256 800 2294 in
842 2254 1011 2294 auctario
1049 2254 1193 2305 (1588)
1225 2267 1260 2306 p.
1288 2253 1468 2300 19-<22‚
1511 2253 1572 2291 cui
1612 2252 1716 2291 misit
1755 2253 1924 2304 primum
1964 2253 2046 2304 ipse
2077 2253 2174 2292 Bus-

394 2323 554 2373 bequius
585 2324 635 2374 (v.
660 2324 776 2375 Lipsii
806 2324 965 2375 epistula
993 2323 1039 2361 ad
1062 2322 1232 2361 Clusium
1256 2322 1416 2373 postrid.
1439 2321 1489 2359 id.
1511 2321 1589 2359 Ian.
1612 2334 1644 2359 a.
1671 2320 1775 2360 1588
1798 2321 1897 2360 edita
1918 2320 1957 2359 in
1980 2334 2067 2372 opp.
2089 2334 2176 2373 epp.

394 2397 491 2429 cent.
515 2391 538 2428 2
571 2404 607 2429 n.
631 2392 710 2439 24),
744 2391 878 2430 deinde
901 2392 1057 2430 Carolus
1080 2391 1230 2430 Clusius
1254 2404 1329 2430 una
1351 2403 1440 2429 cum
1463 2389 1627 2441 epistula
1648 2389 1789 2441 scripta
1816 2389 1978 2428 Viennae
1999 2390 2175 2428 Austriae

394 2472 428 2496 xi
461 2460 606 2511 k.Ap1·.
632 2460 736 2499 1587
775 2461 890 2507 (edita
932 2460 971 2498 in
1003 2460 1166 2511 syllogae
1197 2459 1507 2498 Burmannianae
1539 2458 1611 2497 vol.
1638 2459 1656 2496 1
1690 2471 1726 2510 p.
1751 2457 1853 2505 3113
1885 2457 1946 2496 cui
1977 2458 2178 2509 respondit

394 2528 544 2578 Lipsius
594 2528 755 2579 epistula
801 2529 915 2567 modo
960 2528 1101 2577 citata).
1174 2527 1325 2567 Clusius
1371 2526 1576 2578 adscripsit
1619 2526 1884 2577 Busbequium
1930 2526 2177 2565 Vindobonae

394 2603 606 2634 morantem
637 2610 656 2634 a
688 2609 727 2635 se
758 2603 932 2647 rogatum
963 2609 1097 2635 omnes
1120 2597 1348 2635 schedarum
1371 2596 1572 2635 fasciculos
1594 2595 1792 2642 evolvisse,
1825 2601 1868 2634 ut
1887 2594 2175 2646 Ancyranarum

396 2664 605 2703 tabularum
637 2665 855 2716 exemplum
887 2665 1091 2717 reperiret,
1122 2678 1191 2703 nec
1223 2672 1350 2704 tamen
1381 2665 1574 2704 invenisse
1606 2669 1742 2702 mutuo
1774 2664 1907 2702 datum
1939 2662 2062 2702 amico
2093 2662 2176 2701 cui-

393 2732 478 2769 dam
510 2745 632 2783 neque
662 2734 708 2772 ab
739 2747 782 2772 eo
804 2733 1008 2772 redditum.
1063 2734 1243 2772 Secutum
1269 2746 1308 2772 se
1331 2746 1415 2772 esse
1438 2733 1657 2785 exemplum
1680 2732 1895 2771 exhibitum
1918 2731 1991 2771 sibi
2011 2744 2043 2770 a.
2069 2730 2174 2769 1576

393 2812 411 2837 a
443 2800 580 2839 Fausto
603 2801 779 2840 Verantio
800 2802 955 2841 Antonii
977 2802 1154 2848 Verantii‚
1187 2801 1253 2852 qui
1283 2815 1371 2841 cum
1394 2802 1615 2853 Busbequio
1645 2802 1718 2841 iter
1737 2801 1831 2840 illud
1852 2806 2084 2852 susceperat,
2106 2811 2175 2838 ne-

392 2874 491 2917 pote,
523 2868 659 2908 vidisse
689 2876 883 2921 praeterea
914 2871 1076 2909 alterum
1108 2871 1206 2922 apud
1231 2870 1521 2922 San1bueum1)‚
1553 2871 1645 2910 item
1680 2870 1835 2910 tertium
1867 2869 2052 2908 nobilium
2077 2880 2174 2919 quo-

523 3027 548 3067 ¹)
572 3026 604 3058 In
628 3028 845 3069 epistularum
863 3027 973 3068 Pighii
1000 3029 1292 3069 llamburgensium
1311 3030 1357 3067 (v.
1375 3041 1404 3072 p.
1425 3040 1475 3061 xv1
1493 3031 1567 3062 adn.
1589 3030 1620 3071 1)
1646 3041 1675 3061 n.
1693 3030 1757 3061 252
1776 3029 1955 3061 Sambucus
1973 3028 2002 3060 d.
2021 3028 2074 3059 30.
2089 3027 2173 3066 Aug.

398 3082 477 3113 1574
504 3082 617 3122 l'ighio
644 3085 762 3116 scribit
787 3086 998 3127 Aucyranum
1024 3096 1058 3117 se
1085 3087 1257 3118 babituros
1284 3086 1373 3118 intra
1398 3092 1556 3128 quattuor
1582 3088 1664 3118 dies.
