<?xml version="1.0" encoding="UTF-8"?>
<!DOCTYPE html PUBLIC "-//W3C//DTD XHTML 1.0 Transitional//EN"
    "http://www.w3.org/TR/xhtml1/DTD/xhtml1-transitional.dtd">
<html xmlns="http://www.w3.org/1999/xhtml" xml:lang="en" lang="en">
 <head>
  <title>
</title>
<meta http-equiv="Content-Type" content="text/html;charset=utf-8" />
  <meta name='ocr-system' content='tesseract 3.04.00' />
  <meta name='ocr-capabilities' content='ocr_page ocr_carea ocr_par ocr_line ocrx_word'/>
</head>
<body>
  <div class='ocr_page' id='page_1' title='image "./resgestaeexmonum01auguuoft_0222.png"; bbox 0 0 2430 3394; ppageno 0'>
   <div class='ocr_carea' id='block_1_1' title="bbox 418 147 1414 191">
    <p class='ocr_par' dir='ltr' id='par_1_1' title="bbox 418 147 1414 191">
     <span class='ocr_line' id='line_1_1' title="bbox 418 147 1414 191; baseline -0.01 0"><span class='ocrx_word' id='word_1_1' title='bbox 418 151 498 191; x_wconf 83' lang='lat'>118</span> <span class='ocrx_word' id='word_1_2' title='bbox 1206 147 1249 190; x_wconf 88' lang='lat' dir='ltr'>V,</span> <span class='ocrx_word' id='word_1_3' title='bbox 1276 148 1414 182; x_wconf 83' lang='lat'>31—34</span> 
     </span>
    </p>
   </div>
   <div class='ocr_carea' id='block_1_2' title="bbox 404 264 2209 3128">
    <p class='ocr_par' dir='ltr' id='par_1_2' title="bbox 441 264 2204 316">
     <span class='ocr_line' id='line_1_2' title="bbox 441 264 2204 316; baseline -0.001 -10"><span class='ocrx_word' id='word_1_4' title='bbox 441 281 524 306; x_wconf 77' lang='lat' dir='ltr'>LAT.</span> <span class='ocrx_word' id='word_1_5' title='bbox 548 268 584 314; x_wconf 91' lang='lat'>5,</span> <span class='ocrx_word' id='word_1_6' title='bbox 612 278 644 306; x_wconf 85' lang='lat'>31</span> <span class='ocrx_word' id='word_1_7' title='bbox 666 278 700 305; x_wconf 87' lang='lat'>32</span> <span class='ocrx_word' id='word_1_8' title='bbox 736 265 967 316; x_wconf 76' lang='lat' dir='ltr'>Pro]vincias</span> <span class='ocrx_word' id='word_1_9' title='bbox 989 267 1129 312; x_wconf 88' lang='lat' dir='ltr'>omnis,</span> <span class='ocrx_word' id='word_1_10' title='bbox 1153 278 1248 316; x_wconf 90' lang='lat' dir='ltr'>quae</span> <span class='ocrx_word' id='word_1_11' title='bbox 1271 272 1376 303; x_wconf 90' lang='lat' dir='ltr'>trans</span> <span class='ocrx_word' id='word_1_12' title='bbox 1399 264 1632 303; x_wconf 82' lang='lat' dir='ltr'>Hadrianum</span> <span class='ocrx_word' id='word_1_13' title='bbox 1657 278 1761 303; x_wconf 89' lang='lat' dir='ltr'>mare</span> <span class='ocrx_word' id='word_1_14' title='bbox 1797 267 1969 316; x_wconf 77' lang='lat' dir='ltr'>vergun[t</span> <span class='ocrx_word' id='word_1_15' title='bbox 1991 267 2051 315; x_wconf 86' lang='lat' dir='ltr'>a]d</span> <span class='ocrx_word' id='word_1_16' title='bbox 2074 266 2204 305; x_wconf 90' lang='lat' dir='ltr'>orien-</span> 
     </span>
    </p>

    <p class='ocr_par' dir='ltr' id='par_1_3' title="bbox 669 333 2203 388">
     <span class='ocr_line' id='line_1_3' title="bbox 669 333 2203 388; baseline 0.001 -15"><span class='ocrx_word' id='word_1_17' title='bbox 669 347 701 373; x_wconf 89' lang='lat'>33</span> <span class='ocrx_word' id='word_1_18' title='bbox 736 336 848 386; x_wconf 86' lang='lat' dir='ltr'>[te]m,</span> <span class='ocrx_word' id='word_1_19' title='bbox 880 335 1145 388; x_wconf 64' lang='lat' dir='ltr'>Cyrelnasque,</span> <span class='ocrx_word' id='word_1_20' title='bbox 1176 333 1250 372; x_wconf 88' lang='lat' dir='ltr'>iam</span> <span class='ocrx_word' id='word_1_21' title='bbox 1283 345 1327 371; x_wconf 84' lang='lat' dir='ltr'>ex</span> <span class='ocrx_word' id='word_1_22' title='bbox 1356 338 1463 384; x_wconf 89' lang='lat' dir='ltr'>parte</span> <span class='ocrx_word' id='word_1_23' title='bbox 1484 333 1621 384; x_wconf 79' lang='lat' dir='ltr'>magna</span> <span class='ocrx_word' id='word_1_24' title='bbox 1642 333 1798 384; x_wconf 84' lang='lat' dir='ltr'>regibus</span> <span class='ocrx_word' id='word_1_25' title='bbox 1819 346 1882 373; x_wconf 91' lang='lat' dir='ltr'>eas</span> <span class='ocrx_word' id='word_1_26' title='bbox 1903 335 2203 385; x_wconf 80' lang='lat' dir='ltr'>possidentibus,</span> 
     </span>
    </p>

    <p class='ocr_par' dir='ltr' id='par_1_4' title="bbox 662 401 2203 456">
     <span class='ocr_line' id='line_1_4' title="bbox 662 401 2203 456; baseline -0.001 -12"><span class='ocrx_word' id='word_1_27' title='bbox 662 418 695 445; x_wconf 74' lang='grc'>31</span> <span class='ocrx_word' id='word_1_28' title='bbox 733 405 792 456; x_wconf 83' lang='lat' dir='ltr'>e[t]</span> <span class='ocrx_word' id='word_1_29' title='bbox 816 411 922 443; x_wconf 83' lang='lat' dir='ltr'>antea</span> <span class='ocrx_word' id='word_1_30' title='bbox 940 403 1108 443; x_wconf 89' lang='lat' dir='ltr'>Siciliam</span> <span class='ocrx_word' id='word_1_31' title='bbox 1127 408 1165 441; x_wconf 88' lang='lat' dir='ltr'>et</span> <span class='ocrx_word' id='word_1_32' title='bbox 1184 404 1187 456; x_wconf 66' lang='lat' dir='ltr'>J</span> <span class='ocrx_word' id='word_1_33' title='bbox 1207 401 1421 441; x_wconf 83' lang='lat' dir='ltr'>Sardiniam</span> <span class='ocrx_word' id='word_1_34' title='bbox 1439 402 1640 452; x_wconf 75' lang='lat' dir='ltr'>occupatas</span> <span class='ocrx_word' id='word_1_35' title='bbox 1658 402 1754 441; x_wconf 92' lang='lat' dir='ltr'>bello</span> <span class='ocrx_word' id='word_1_36' title='bbox 1772 402 1900 441; x_wconf 91' lang='lat' dir='ltr'>servili</span> <span class='ocrx_word' id='word_1_37' title='bbox 1916 403 2135 454; x_wconf 83' lang='lat' dir='ltr'>reciperavi.</span> <span class='ocrx_word' id='word_1_38' title='bbox 2156 405 2178 451; x_wconf 65' lang='grc' dir='ltr'>ξ</span> <span class='ocrx_word' id='word_1_39' title='bbox 2199 401 2203 453; x_wconf 83' lang='grc' dir='ltr'>Ι</span> 
     </span>
    </p>

    <p class='ocr_par' dir='ltr' id='par_1_5' title="bbox 431 465 2204 525">
     <span class='ocr_line' id='line_1_5' title="bbox 431 465 2204 525; baseline -0.001 -13"><span class='ocrx_word' id='word_1_40' title='bbox 431 486 489 512; x_wconf 82' lang='lat' dir='ltr'>GR.</span> <span class='ocrx_word' id='word_1_41' title='bbox 516 474 579 520; x_wconf 90' lang='lat'>15,</span> <span class='ocrx_word' id='word_1_42' title='bbox 610 485 640 512; x_wconf 90' lang='lat'>13</span> <span class='ocrx_word' id='word_1_43' title='bbox 662 485 693 512; x_wconf 77' lang='lat'>14</span> <span class='ocrx_word' id='word_1_44' title='bbox 723 469 984 525; x_wconf 77' lang='grc' dir='ltr'><strong><em>Ἐπαρχείας</em></strong></span> <span class='ocrx_word' id='word_1_45' title='bbox 1006 468 1193 520; x_wconf 77' lang='grc' dir='ltr'>ἁπάσας,</span> <span class='ocrx_word' id='word_1_46' title='bbox 1226 465 1329 509; x_wconf 82' lang='grc' dir='ltr'><em>ὅσαι</em></span> <span class='ocrx_word' id='word_1_47' title='bbox 1355 467 1360 521; x_wconf 91' lang='grc' dir='ltr'>Ι</span> <span class='ocrx_word' id='word_1_48' title='bbox 1388 470 1527 520; x_wconf 80' lang='grc' dir='ltr'><strong><em>πέραν</em></strong></span> <span class='ocrx_word' id='word_1_49' title='bbox 1547 470 1625 509; x_wconf 79' lang='grc' dir='ltr'>τοῦ</span> <span class='ocrx_word' id='word_1_50' title='bbox 1648 469 1826 510; x_wconf 84' lang='grc' dir='ltr'><em>Εἶονίου</em></span> <span class='ocrx_word' id='word_1_51' title='bbox 1849 467 2015 510; x_wconf 82' lang='grc' dir='ltr'><strong><em>κόλπου</em></strong></span> <span class='ocrx_word' id='word_1_52' title='bbox 2037 469 2204 510; x_wconf 79' lang='grc' dir='ltr'><strong><em>διατεί-</em></strong></span> 
     </span>
    </p>

    <p class='ocr_par' dir='ltr' id='par_1_6' title="bbox 666 535 2207 593">
     <span class='ocr_line' id='line_1_6' title="bbox 666 535 2207 593; baseline 0.001 -14"><span class='ocrx_word' id='word_1_53' title='bbox 666 553 698 580; x_wconf 83' lang='grc'>15</span> <span class='ocrx_word' id='word_1_54' title='bbox 736 551 859 581; x_wconf 82' lang='grc' dir='ltr'>νουσι</span> <span class='ocrx_word' id='word_1_55' title='bbox 890 539 998 593; x_wconf 82' lang='grc' dir='ltr'><em>πρὸς</em></span> <span class='ocrx_word' id='word_1_56' title='bbox 1028 536 1270 590; x_wconf 59' lang='grc' dir='ltr'>ἆναζτολάς,</span> <span class='ocrx_word' id='word_1_57' title='bbox 1302 538 1373 577; x_wconf 84' lang='grc' dir='ltr'>καὶ</span> <span class='ocrx_word' id='word_1_58' title='bbox 1400 535 1598 592; x_wconf 82' lang='grc' dir='ltr'>Κυρήνην</span> <span class='ocrx_word' id='word_1_59' title='bbox 1628 539 1673 578; x_wconf 81' lang='grc' dir='ltr'>ἐκ</span> <span class='ocrx_word' id='word_1_60' title='bbox 1694 536 1922 592; x_wconf 76' lang='grc' dir='ltr'><em>μείσζονος</em></span> <span class='ocrx_word' id='word_1_61' title='bbox 1942 539 2029 590; x_wconf 88' lang='grc'>(516)</span> <span class='ocrx_word' id='word_1_62' title='bbox 2053 541 2207 593; x_wconf 84' lang='grc' dir='ltr'><strong><em>μέρους</em></strong></span> 
     </span>
    </p>

    <p class='ocr_par' dir='ltr' id='par_1_7' title="bbox 668 605 2206 661">
     <span class='ocr_line' id='line_1_7' title="bbox 668 605 2206 661; baseline -0.001 -12"><span class='ocrx_word' id='word_1_63' title='bbox 668 623 701 650; x_wconf 83' lang='lat'>16</span> <span class='ocrx_word' id='word_1_64' title='bbox 740 607 826 649; x_wconf 78' lang='grc' dir='ltr'>ὑπὸ</span> <span class='ocrx_word' id='word_1_65' title='bbox 867 605 1096 661; x_wconf 46' lang='grc' dir='ltr'>βασιλέων</span> <span class='ocrx_word' id='word_1_66' title='bbox 1135 607 1452 660; x_wconf 79' lang='grc' dir='ltr'><em>κατεσχημένας</em></span> <span class='ocrx_word' id='word_1_67' title='bbox 1489 607 1560 646; x_wconf 82' lang='grc' dir='ltr'>καὶ</span> <span class='ocrx_word' id='word_1_68' title='bbox 1599 606 1857 661; x_wconf 69' lang='grc' dir='ltr'><em>ἔμπροσθεν</em></span> <span class='ocrx_word' id='word_1_69' title='bbox 1899 607 2103 648; x_wconf 81' lang='grc' dir='ltr'><strong><em>Σικελίαν</em></strong></span> <span class='ocrx_word' id='word_1_70' title='bbox 2134 608 2206 648; x_wconf 82' lang='grc' dir='ltr'>καὶ</span> 
     </span>
    </p>

    <p class='ocr_par' dir='ltr' id='par_1_8' title="bbox 666 673 2203 730">
     <span class='ocr_line' id='line_1_8' title="bbox 666 673 2203 730; baseline -0.001 -13"><span class='ocrx_word' id='word_1_71' title='bbox 666 691 698 717; x_wconf 80' lang='lat'>17</span> <span class='ocrx_word' id='word_1_72' title='bbox 732 675 898 730; x_wconf 69' lang='grc' dir='ltr'><strong><em>Σαρξδῴ</em></strong></span> <span class='ocrx_word' id='word_1_73' title='bbox 922 676 1009 727; x_wconf 85' lang='grc'>(516)</span> <span class='ocrx_word' id='word_1_74' title='bbox 1033 673 1430 728; x_wconf 25' lang='grc' dir='ltr'>προκατειλημκένας</span> <span class='ocrx_word' id='word_1_75' title='bbox 1446 675 1536 726; x_wconf 88' lang='grc'>(516)</span> <span class='ocrx_word' id='word_1_76' title='bbox 1555 674 1731 730; x_wconf 81' lang='grc' dir='ltr'><em>πολέμῳ</em></span> <span class='ocrx_word' id='word_1_77' title='bbox 1751 675 1937 728; x_wconf 77' lang='grc' dir='ltr'><em>δουλικῷ</em></span> <span class='ocrx_word' id='word_1_78' title='bbox 1956 673 2179 728; x_wconf 79' lang='grc' dir='ltr'>ἀνέλαβον.</span> <span class='ocrx_word' id='word_1_79' title='bbox 2200 678 2203 729; x_wconf 88' lang='grc' dir='ltr'>Ι</span> 
     </span>
    </p>

    <p class='ocr_par' dir='ltr' id='par_1_9' title="bbox 404 743 2209 3128">
     <span class='ocr_line' id='line_1_9' title="bbox 411 743 2208 799; baseline -0.001 -13"><span class='ocrx_word' id='word_1_80' title='bbox 411 747 463 786; x_wconf 89' lang='lat' dir='ltr'>De</span> <span class='ocrx_word' id='word_1_81' title='bbox 501 746 709 799; x_wconf 91' lang='lat' dir='ltr'>provinciis</span> <span class='ocrx_word' id='word_1_82' title='bbox 742 747 827 785; x_wconf 85' lang='lat' dir='ltr'>Sex.</span> <span class='ocrx_word' id='word_1_83' title='bbox 860 745 1045 796; x_wconf 90' lang='lat' dir='ltr'>Pompeio</span> <span class='ocrx_word' id='word_1_84' title='bbox 1088 743 1231 795; x_wconf 89' lang='lat' dir='ltr'>ereptis</span> <span class='ocrx_word' id='word_1_85' title='bbox 1263 743 1437 783; x_wconf 79' lang='lat' dir='ltr'>Sardinia</span> <span class='ocrx_word' id='word_1_86' title='bbox 1467 757 1499 783; x_wconf 89' lang='lat' dir='ltr'>a.</span> <span class='ocrx_word' id='word_1_87' title='bbox 1537 744 1630 791; x_wconf 95' lang='grc'>716,</span> <span class='ocrx_word' id='word_1_88' title='bbox 1669 744 1797 784; x_wconf 83' lang='lat' dir='ltr'>Sicilia</span> <span class='ocrx_word' id='word_1_89' title='bbox 1828 757 1860 783; x_wconf 90' lang='lat' dir='ltr'>a.</span> <span class='ocrx_word' id='word_1_90' title='bbox 1894 744 1973 784; x_wconf 83' lang='lat'>718</span> <span class='ocrx_word' id='word_1_91' title='bbox 2005 745 2208 784; x_wconf 90' lang='lat' dir='ltr'>videantur</span> 
     </span>
     <span class='ocr_line' id='line_1_10' title="bbox 410 812 2209 867; baseline -0.002 -12"><span class='ocrx_word' id='word_1_92' title='bbox 410 829 508 867; x_wconf 88' lang='lat' dir='ltr'>quae</span> <span class='ocrx_word' id='word_1_93' title='bbox 546 815 715 855; x_wconf 79' lang='lat' dir='ltr'>diximus</span> <span class='ocrx_word' id='word_1_94' title='bbox 755 815 802 853; x_wconf 87' lang='lat' dir='ltr'>ad</span> <span class='ocrx_word' id='word_1_95' title='bbox 833 815 869 861; x_wconf 84' lang='lat'>5,</span> <span class='ocrx_word' id='word_1_96' title='bbox 903 815 937 852; x_wconf 88' lang='lat'>1.</span> <span class='ocrx_word' id='word_1_97' title='bbox 999 812 1222 853; x_wconf 83' lang='lat' dir='ltr'>Provinciae</span> <span class='ocrx_word' id='word_1_98' title='bbox 1259 819 1387 852; x_wconf 90' lang='lat' dir='ltr'>autem</span> <span class='ocrx_word' id='word_1_99' title='bbox 1427 826 1524 865; x_wconf 89' lang='lat' dir='ltr'>quae</span> <span class='ocrx_word' id='word_1_100' title='bbox 1563 814 1691 864; x_wconf 87' lang='lat' dir='ltr'>priore</span> <span class='ocrx_word' id='word_1_101' title='bbox 1730 814 1813 852; x_wconf 89' lang='lat' dir='ltr'>loco</span> <span class='ocrx_word' id='word_1_102' title='bbox 1857 812 2078 852; x_wconf 89' lang='lat' dir='ltr'>indicantur</span> <span class='ocrx_word' id='word_1_103' title='bbox 2116 819 2209 852; x_wconf 90' lang='lat' dir='ltr'>sunt</span> 
     </span>
     <span class='ocr_line' id='line_1_11' title="bbox 410 881 2207 936; baseline -0.002 -12"><span class='ocrx_word' id='word_1_104' title='bbox 410 885 624 936; x_wconf 81' lang='lat' dir='ltr'>permissae</span> <span class='ocrx_word' id='word_1_105' title='bbox 644 882 811 923; x_wconf 91' lang='lat' dir='ltr'>Antonio</span> <span class='ocrx_word' id='word_1_106' title='bbox 834 888 944 934; x_wconf 86' lang='lat' dir='ltr'>pacto</span> <span class='ocrx_word' id='word_1_107' title='bbox 966 881 1200 921; x_wconf 89' lang='lat' dir='ltr'>Brundisino</span> <span class='ocrx_word' id='word_1_108' title='bbox 1221 881 1453 929; x_wconf 88' lang='lat' dir='ltr'>Macedonia,</span> <span class='ocrx_word' id='word_1_109' title='bbox 1488 881 1640 927; x_wconf 90' lang='lat' dir='ltr'>Achaia,</span> <span class='ocrx_word' id='word_1_110' title='bbox 1663 881 1764 929; x_wconf 83' lang='lat' dir='ltr'>Asia,</span> <span class='ocrx_word' id='word_1_111' title='bbox 1787 882 1937 921; x_wconf 85' lang='lat' dir='ltr'>Pontus</span> <span class='ocrx_word' id='word_1_112' title='bbox 1959 888 1997 921; x_wconf 90' lang='lat' dir='ltr'>et</span> <span class='ocrx_word' id='word_1_113' title='bbox 2017 881 2207 934; x_wconf 77' lang='lat' dir='ltr'>Bithynia,</span> 
     </span>
     <span class='ocr_line' id='line_1_12' title="bbox 410 949 2207 1006; baseline -0.001 -14"><span class='ocrx_word' id='word_1_114' title='bbox 410 953 558 1001; x_wconf 90' lang='lat' dir='ltr'>Cilicia,</span> <span class='ocrx_word' id='word_1_115' title='bbox 591 953 758 1006; x_wconf 75' lang='lat' dir='ltr'>Cyprus,</span> <span class='ocrx_word' id='word_1_116' title='bbox 800 952 926 1004; x_wconf 75' lang='lat' dir='ltr'>Syria,</span> <span class='ocrx_word' id='word_1_117' title='bbox 959 950 1087 997; x_wconf 78' lang='lat' dir='ltr'>Creta,</span> <span class='ocrx_word' id='word_1_118' title='bbox 1120 949 1299 1001; x_wconf 67' lang='lat' dir='ltr'>Cyrenae.</span> <span class='ocrx_word' id='word_1_119' title='bbox 1359 950 1415 988; x_wconf 84' lang='lat' dir='ltr'>Ex</span> <span class='ocrx_word' id='word_1_120' title='bbox 1454 950 1513 989; x_wconf 90' lang='lat' dir='ltr'>his</span> <span class='ocrx_word' id='word_1_121' title='bbox 1550 950 1721 1001; x_wconf 90' lang='lat' dir='ltr'>quinque</span> <span class='ocrx_word' id='word_1_122' title='bbox 1751 956 1854 990; x_wconf 89' lang='lat' dir='ltr'>certe</span> <span class='ocrx_word' id='word_1_123' title='bbox 1885 964 1980 1003; x_wconf 89' lang='lat' dir='ltr'>quas</span> <span class='ocrx_word' id='word_1_124' title='bbox 2010 958 2207 1003; x_wconf 90' lang='lat' dir='ltr'>postremo</span> 
     </span>
     <span class='ocr_line' id='line_1_13' title="bbox 410 1018 2208 1073; baseline -0.002 -12"><span class='ocrx_word' id='word_1_125' title='bbox 410 1022 492 1061; x_wconf 89' lang='lat' dir='ltr'>loco</span> <span class='ocrx_word' id='word_1_126' title='bbox 532 1022 736 1073; x_wconf 87' lang='lat' dir='ltr'>posuimus</span> <span class='ocrx_word' id='word_1_127' title='bbox 773 1021 927 1073; x_wconf 81' lang='lat' dir='ltr'>regibus</span> <span class='ocrx_word' id='word_1_128' title='bbox 966 1020 1148 1070; x_wconf 80' lang='lat' dir='ltr'>elargitus</span> <span class='ocrx_word' id='word_1_129' title='bbox 1189 1025 1248 1058; x_wconf 87' lang='lat' dir='ltr'>est</span> <span class='ocrx_word' id='word_1_130' title='bbox 1276 1018 1482 1058; x_wconf 89' lang='lat' dir='ltr'>Antonius.</span> <span class='ocrx_word' id='word_1_131' title='bbox 1543 1018 1583 1058; x_wconf 91' lang='lat' dir='ltr'>Si</span> <span class='ocrx_word' id='word_1_132' title='bbox 1624 1031 1712 1058; x_wconf 89' lang='lat' dir='ltr'>vera</span> <span class='ocrx_word' id='word_1_133' title='bbox 1742 1019 1902 1059; x_wconf 81' lang='lat' dir='ltr'>tradidit</span> <span class='ocrx_word' id='word_1_134' title='bbox 1931 1019 2000 1058; x_wconf 94' lang='lat' dir='ltr'>Dio</span> <span class='ocrx_word' id='word_1_135' title='bbox 2033 1020 2114 1067; x_wconf 86' lang='lat'>(49,</span> <span class='ocrx_word' id='word_1_136' title='bbox 2137 1021 2208 1072; x_wconf 88' lang='grc'>41)</span> 
     </span>
     <span class='ocr_line' id='line_1_14' title="bbox 409 1086 2209 1140; baseline -0.001 -11"><span class='ocrx_word' id='word_1_137' title='bbox 409 1090 628 1129; x_wconf 81' lang='lat' dir='ltr'>Ptolemaeo</span> <span class='ocrx_word' id='word_1_138' title='bbox 660 1090 737 1128; x_wconf 86' lang='lat' dir='ltr'>filio</span> <span class='ocrx_word' id='word_1_139' title='bbox 769 1090 899 1129; x_wconf 91' lang='lat' dir='ltr'>omnia</span> <span class='ocrx_word' id='word_1_140' title='bbox 928 1089 1030 1128; x_wconf 88' lang='lat' dir='ltr'>inter</span> <span class='ocrx_word' id='word_1_141' title='bbox 1051 1088 1274 1139; x_wconf 85' lang='lat' dir='ltr'>Euphraten</span> <span class='ocrx_word' id='word_1_142' title='bbox 1296 1093 1334 1126; x_wconf 90' lang='grc'>61</span> <span class='ocrx_word' id='word_1_143' title='bbox 1355 1086 1649 1139; x_wconf 87' lang='lat' dir='ltr'>Hellespontum</span> <span class='ocrx_word' id='word_1_144' title='bbox 1671 1087 1856 1127; x_wconf 89' lang='lat' dir='ltr'>attributa</span> <span class='ocrx_word' id='word_1_145' title='bbox 1877 1099 1973 1135; x_wconf 88' lang='lat' dir='ltr'>esse,</span> <span class='ocrx_word' id='word_1_146' title='bbox 2004 1088 2209 1140; x_wconf 89' lang='lat' dir='ltr'>imperavit</span> 
     </span>
     <span class='ocr_line' id='line_1_15' title="bbox 410 1155 2206 1210; baseline -0.002 -12"><span class='ocrx_word' id='word_1_147' title='bbox 410 1159 442 1198; x_wconf 90' lang='lat' dir='ltr'>is</span> <span class='ocrx_word' id='word_1_148' title='bbox 463 1159 577 1198; x_wconf 89' lang='lat' dir='ltr'>etiam</span> <span class='ocrx_word' id='word_1_149' title='bbox 600 1158 711 1198; x_wconf 90' lang='lat' dir='ltr'>Asiae</span> <span class='ocrx_word' id='word_1_150' title='bbox 742 1164 780 1198; x_wconf 89' lang='lat' dir='ltr'>et</span> <span class='ocrx_word' id='word_1_151' title='bbox 810 1158 1009 1210; x_wconf 59' lang='lat' dir='ltr'>Bithyniae</span> <span class='ocrx_word' id='word_1_152' title='bbox 1040 1156 1264 1209; x_wconf 81' lang='lat' dir='ltr'>provinciis3</span> <span class='ocrx_word' id='word_1_153' title='bbox 1296 1162 1334 1195; x_wconf 89' lang='lat' dir='ltr'>at</span> <span class='ocrx_word' id='word_1_154' title='bbox 1364 1157 1546 1207; x_wconf 85' lang='lat' dir='ltr'>refragari</span> <span class='ocrx_word' id='word_1_155' title='bbox 1576 1155 1728 1196; x_wconf 82' lang='lat' dir='ltr'>videtur</span> <span class='ocrx_word' id='word_1_156' title='bbox 1755 1156 1987 1196; x_wconf 87' lang='lat' dir='ltr'>Plutarchus</span> <span class='ocrx_word' id='word_1_157' title='bbox 2010 1157 2113 1206; x_wconf 88' lang='lat' dir='ltr'>(Ant.</span> <span class='ocrx_word' id='word_1_158' title='bbox 2137 1158 2206 1206; x_wconf 88' lang='lat'>54)</span> 
     </span>
     <span class='ocr_line' id='line_1_16' title="bbox 409 1224 2209 1279; baseline -0.002 -12"><span class='ocrx_word' id='word_1_159' title='bbox 409 1241 479 1267; x_wconf 89' lang='lat' dir='ltr'>nec</span> <span class='ocrx_word' id='word_1_160' title='bbox 516 1240 584 1279; x_wconf 91' lang='lat' dir='ltr'>per</span> <span class='ocrx_word' id='word_1_161' title='bbox 624 1240 663 1266; x_wconf 90' lang='lat' dir='ltr'>se</span> <span class='ocrx_word' id='word_1_162' title='bbox 701 1226 871 1266; x_wconf 91' lang='lat' dir='ltr'>narratio</span> <span class='ocrx_word' id='word_1_163' title='bbox 912 1227 1004 1265; x_wconf 94' lang='grc'>11366</span> <span class='ocrx_word' id='word_1_164' title='bbox 1040 1224 1248 1277; x_wconf 90' lang='lat' dir='ltr'>probabilis</span> <span class='ocrx_word' id='word_1_165' title='bbox 1287 1230 1366 1271; x_wconf 89' lang='lat' dir='ltr'>est,</span> <span class='ocrx_word' id='word_1_166' title='bbox 1406 1237 1494 1264; x_wconf 91' lang='lat' dir='ltr'>cum</span> <span class='ocrx_word' id='word_1_167' title='bbox 1528 1237 1686 1275; x_wconf 83' lang='lat' dir='ltr'>magnae</span> <span class='ocrx_word' id='word_1_168' title='bbox 1718 1232 1870 1265; x_wconf 88' lang='lat' dir='ltr'>tantum</span> <span class='ocrx_word' id='word_1_169' title='bbox 1900 1225 2021 1277; x_wconf 91' lang='lat' dir='ltr'>partis</span> <span class='ocrx_word' id='word_1_170' title='bbox 2051 1225 2209 1277; x_wconf 91' lang='lat' dir='ltr'>provin-</span> 
     </span>
     <span class='ocr_line' id='line_1_17' title="bbox 408 1292 2208 1347; baseline -0.002 -12"><span class='ocrx_word' id='word_1_171' title='bbox 408 1297 555 1335; x_wconf 90' lang='lat' dir='ltr'>ciarum</span> <span class='ocrx_word' id='word_1_172' title='bbox 586 1296 739 1347; x_wconf 84' lang='lat' dir='ltr'>regibus</span> <span class='ocrx_word' id='word_1_173' title='bbox 771 1307 976 1335; x_wconf 86' lang='lat' dir='ltr'>concessae</span> <span class='ocrx_word' id='word_1_174' title='bbox 1007 1293 1217 1333; x_wconf 85' lang='lat' dir='ltr'>Antonium</span> <span class='ocrx_word' id='word_1_175' title='bbox 1248 1292 1401 1332; x_wconf 83' lang='lat' dir='ltr'>incuset</span> <span class='ocrx_word' id='word_1_176' title='bbox 1430 1293 1513 1344; x_wconf 91' lang='lat' dir='ltr'>ipse</span> <span class='ocrx_word' id='word_1_177' title='bbox 1534 1292 1744 1344; x_wconf 83' lang='lat' dir='ltr'>Augustus.</span> <span class='ocrx_word' id='word_1_178' title='bbox 1791 1293 1907 1333; x_wconf 85' lang='lat' dir='ltr'>Attali</span> <span class='ocrx_word' id='word_1_179' title='bbox 1946 1293 2063 1345; x_wconf 85' lang='lat' dir='ltr'>igitur</span> <span class='ocrx_word' id='word_1_180' title='bbox 2091 1293 2208 1333; x_wconf 92' lang='lat' dir='ltr'>Nico-</span> 
     </span>
     <span class='ocr_line' id='line_1_18' title="bbox 409 1361 2205 1416; baseline -0.002 -12"><span class='ocrx_word' id='word_1_181' title='bbox 409 1365 608 1416; x_wconf 89' lang='lat' dir='ltr'>medisque</span> <span class='ocrx_word' id='word_1_182' title='bbox 652 1377 768 1416; x_wconf 83' lang='lat' dir='ltr'>regna</span> <span class='ocrx_word' id='word_1_183' title='bbox 812 1363 1003 1403; x_wconf 85' lang='lat' dir='ltr'>Antonius</span> <span class='ocrx_word' id='word_1_184' title='bbox 1048 1376 1068 1402; x_wconf 91' lang='lat' dir='ltr'>a</span> <span class='ocrx_word' id='word_1_185' title='bbox 1112 1362 1287 1401; x_wconf 89' lang='lat' dir='ltr'>Romano</span> <span class='ocrx_word' id='word_1_186' title='bbox 1324 1361 1488 1413; x_wconf 90' lang='lat' dir='ltr'>imperio</span> <span class='ocrx_word' id='word_1_187' title='bbox 1527 1374 1606 1400; x_wconf 91' lang='lat' dir='ltr'>non</span> <span class='ocrx_word' id='word_1_188' title='bbox 1648 1362 1805 1410; x_wconf 71' lang='lat' dir='ltr'>avulsit,</span> <span class='ocrx_word' id='word_1_189' title='bbox 1853 1368 1892 1401; x_wconf 88' lang='lat' dir='ltr'>at</span> <span class='ocrx_word' id='word_1_190' title='bbox 1935 1367 2205 1414; x_wconf 85' lang='lat' dir='ltr'>praeterquam</span> 
     </span>
     <span class='ocr_line' id='line_1_19' title="bbox 408 1429 2203 1486; baseline -0.002 -12"><span class='ocrx_word' id='word_1_191' title='bbox 408 1435 509 1485; x_wconf 89' lang='lat' dir='ltr'>quod</span> <span class='ocrx_word' id='word_1_192' title='bbox 542 1434 773 1486; x_wconf 70' lang='lat' dir='ltr'>Lycaoniam</span> <span class='ocrx_word' id='word_1_193' title='bbox 804 1440 842 1473; x_wconf 91' lang='lat' dir='ltr'>et</span> <span class='ocrx_word' id='word_1_194' title='bbox 872 1431 1136 1484; x_wconf 70' lang='lat' dir='ltr'>Pamphyliam</span> <span class='ocrx_word' id='word_1_195' title='bbox 1170 1431 1320 1470; x_wconf 81' lang='lat' dir='ltr'>avulsas</span> <span class='ocrx_word' id='word_1_196' title='bbox 1351 1443 1372 1468; x_wconf 90' lang='lat' dir='ltr'>a</span> <span class='ocrx_word' id='word_1_197' title='bbox 1393 1429 1521 1469; x_wconf 89' lang='lat' dir='ltr'>Cilicia</span> <span class='ocrx_word' id='word_1_198' title='bbox 1551 1431 1749 1481; x_wconf 84' lang='lat' dir='ltr'>provincia</span> <span class='ocrx_word' id='word_1_199' title='bbox 1770 1431 1958 1482; x_wconf 76' lang='lat' dir='ltr'>Amyntae</span> <span class='ocrx_word' id='word_1_200' title='bbox 1989 1431 2069 1482; x_wconf 83' lang='lat' dir='ltr'>regi</span> <span class='ocrx_word' id='word_1_201' title='bbox 2091 1431 2203 1470; x_wconf 88' lang='lat' dir='ltr'>Gala-</span> 
     </span>
     <span class='ocr_line' id='line_1_20' title="bbox 409 1498 2206 1553; baseline -0.002 -11"><span class='ocrx_word' id='word_1_202' title='bbox 409 1503 483 1543; x_wconf 89' lang='lat' dir='ltr'>tiae</span> <span class='ocrx_word' id='word_1_203' title='bbox 523 1502 678 1542; x_wconf 91' lang='lat' dir='ltr'>donavit</span> <span class='ocrx_word' id='word_1_204' title='bbox 715 1502 801 1553; x_wconf 91' lang='lat' dir='ltr'>(Dio</span> <span class='ocrx_word' id='word_1_205' title='bbox 833 1502 898 1548; x_wconf 90' lang='lat'>49,</span> <span class='ocrx_word' id='word_1_206' title='bbox 931 1501 1003 1548; x_wconf 77' lang='lat'>323</span> <span class='ocrx_word' id='word_1_207' title='bbox 1043 1502 1089 1539; x_wconf 87' lang='lat' dir='ltr'>cf.</span> <span class='ocrx_word' id='word_1_208' title='bbox 1121 1499 1346 1551; x_wconf 86' lang='lat' dir='ltr'>Marquardt</span> <span class='ocrx_word' id='word_1_209' title='bbox 1375 1498 1736 1551; x_wconf 72' lang='lat' dir='ltr'>Staatsverwaltunq</span> <span class='ocrx_word' id='word_1_210' title='bbox 1770 1500 1788 1537; x_wconf 91' lang='lat'>1</span> <span class='ocrx_word' id='word_1_211' title='bbox 1822 1512 1859 1551; x_wconf 89' lang='lat' dir='ltr'>p.</span> <span class='ocrx_word' id='word_1_212' title='bbox 1883 1499 2002 1548; x_wconf 89' lang='grc'>385),</span> <span class='ocrx_word' id='word_1_213' title='bbox 2035 1499 2206 1539; x_wconf 86' lang='lat' dir='ltr'>restituit</span> 
     </span>
     <span class='ocr_line' id='line_1_21' title="bbox 409 1567 2205 1623; baseline -0.002 -13"><span class='ocrx_word' id='word_1_214' title='bbox 409 1584 571 1623; x_wconf 85' lang='lat' dir='ltr'>reguum</span> <span class='ocrx_word' id='word_1_215' title='bbox 593 1571 753 1623; x_wconf 73' lang='lat' dir='ltr'>Aegypti</span> <span class='ocrx_word' id='word_1_216' title='bbox 784 1570 926 1609; x_wconf 88' lang='lat' dir='ltr'>finibus</span> <span class='ocrx_word' id='word_1_217' title='bbox 958 1568 1142 1620; x_wconf 82' lang='lat' dir='ltr'>antiquis,</span> <span class='ocrx_word' id='word_1_218' title='bbox 1171 1574 1215 1607; x_wconf 94' lang='lat' dir='ltr'>ut</span> <span class='ocrx_word' id='word_1_219' title='bbox 1245 1574 1283 1606; x_wconf 87' lang='lat' dir='ltr'>et</span> <span class='ocrx_word' id='word_1_220' title='bbox 1306 1567 1454 1620; x_wconf 66' lang='lat' dir='ltr'>Cyprus</span> <span class='ocrx_word' id='word_1_221' title='bbox 1485 1568 1519 1606; x_wconf 92' lang='lat' dir='ltr'>ei</span> <span class='ocrx_word' id='word_1_222' title='bbox 1549 1568 1765 1607; x_wconf 81' lang='lat' dir='ltr'>adiceretur</span> <span class='ocrx_word' id='word_1_223' title='bbox 1787 1568 1997 1619; x_wconf 83' lang='lat' dir='ltr'>(Plutarch.</span> <span class='ocrx_word' id='word_1_224' title='bbox 2020 1568 2108 1607; x_wconf 90' lang='lat' dir='ltr'>Ant.</span> <span class='ocrx_word' id='word_1_225' title='bbox 2131 1569 2205 1616; x_wconf 80' lang='lat'>543</span> 
     </span>
     <span class='ocr_line' id='line_1_22' title="bbox 408 1635 2204 1688; baseline -0.002 -8"><span class='ocrx_word' id='word_1_226' title='bbox 408 1640 477 1679; x_wconf 92' lang='lat' dir='ltr'>Dio</span> <span class='ocrx_word' id='word_1_227' title='bbox 508 1641 573 1687; x_wconf 93' lang='lat'>49,</span> <span class='ocrx_word' id='word_1_228' title='bbox 605 1639 670 1679; x_wconf 88' lang='grc'>32.</span> <span class='ocrx_word' id='word_1_229' title='bbox 704 1640 776 1686; x_wconf 86' lang='grc'>41;</span> <span class='ocrx_word' id='word_1_230' title='bbox 810 1638 947 1678; x_wconf 88' lang='lat' dir='ltr'>Strabo</span> <span class='ocrx_word' id='word_1_231' title='bbox 982 1638 1045 1682; x_wconf 83' lang='lat'>14,</span> <span class='ocrx_word' id='word_1_232' title='bbox 1076 1636 1113 1683; x_wconf 88' lang='grc'>6,</span> <span class='ocrx_word' id='word_1_233' title='bbox 1146 1636 1170 1675; x_wconf 93' lang='grc'>6</span> <span class='ocrx_word' id='word_1_234' title='bbox 1191 1649 1228 1688; x_wconf 87' lang='lat' dir='ltr'>p.</span> <span class='ocrx_word' id='word_1_235' title='bbox 1252 1635 1362 1686; x_wconf 87' lang='grc'>685),</span> <span class='ocrx_word' id='word_1_236' title='bbox 1395 1649 1511 1687; x_wconf 90' lang='lat' dir='ltr'>quam</span> <span class='ocrx_word' id='word_1_237' title='bbox 1533 1637 1609 1675; x_wconf 91' lang='lat' dir='ltr'>iam</span> <span class='ocrx_word' id='word_1_238' title='bbox 1633 1637 1796 1676; x_wconf 87' lang='lat' dir='ltr'>dictator</span> <span class='ocrx_word' id='word_1_239' title='bbox 1818 1636 1955 1675; x_wconf 87' lang='lat' dir='ltr'>Caesar</span> <span class='ocrx_word' id='word_1_240' title='bbox 1976 1637 2023 1676; x_wconf 90' lang='lat' dir='ltr'>ad</span> <span class='ocrx_word' id='word_1_241' title='bbox 2043 1649 2204 1688; x_wconf 84' lang='lat' dir='ltr'>regnum</span> 
     </span>
     <span class='ocr_line' id='line_1_23' title="bbox 407 1704 2206 1761; baseline -0.003 -12"><span class='ocrx_word' id='word_1_242' title='bbox 407 1709 679 1761; x_wconf 74' lang='lat' dir='ltr'>Aegyptiacum</span> <span class='ocrx_word' id='word_1_243' title='bbox 731 1705 1016 1759; x_wconf 88' lang='lat' dir='ltr'>quodammodo</span> <span class='ocrx_word' id='word_1_244' title='bbox 1056 1717 1192 1744; x_wconf 92' lang='lat' dir='ltr'>rursus</span> <span class='ocrx_word' id='word_1_245' title='bbox 1230 1705 1456 1743; x_wconf 83' lang='lat' dir='ltr'>adiunxerat</span> <span class='ocrx_word' id='word_1_246' title='bbox 1493 1704 1580 1756; x_wconf 83' lang='lat' dir='ltr'>(Dio</span> <span class='ocrx_word' id='word_1_247' title='bbox 1611 1705 1676 1751; x_wconf 85' lang='grc'>42,</span> <span class='ocrx_word' id='word_1_248' title='bbox 1708 1705 1799 1755; x_wconf 90' lang='grc'>35),</span> <span class='ocrx_word' id='word_1_249' title='bbox 1836 1710 1874 1743; x_wconf 84' lang='grc'>61</span> <span class='ocrx_word' id='word_1_250' title='bbox 1913 1706 2043 1757; x_wconf 51' lang='lat' dir='ltr'>Syriae</span> <span class='ocrx_word' id='word_1_251' title='bbox 2081 1718 2147 1745; x_wconf 90' lang='lat' dir='ltr'>ora</span> <span class='ocrx_word' id='word_1_252' title='bbox 2185 1717 2206 1744; x_wconf 90' lang='lat' dir='ltr'>a</span> 
     </span>
     <span class='ocr_line' id='line_1_24' title="bbox 405 1772 2204 1829; baseline -0.003 -12"><span class='ocrx_word' id='word_1_253' title='bbox 405 1778 528 1823; x_wconf 88' lang='lat' dir='ltr'>limite</span> <span class='ocrx_word' id='word_1_254' title='bbox 550 1777 711 1829; x_wconf 72' lang='lat' dir='ltr'>Aegypti</span> <span class='ocrx_word' id='word_1_255' title='bbox 731 1776 778 1815; x_wconf 89' lang='lat' dir='ltr'>ad</span> <span class='ocrx_word' id='word_1_256' title='bbox 798 1775 968 1814; x_wconf 87' lang='lat' dir='ltr'>Aradum</span> <span class='ocrx_word' id='word_1_257' title='bbox 998 1776 1076 1812; x_wconf 85' lang='lat' dir='ltr'>fere</span> <span class='ocrx_word' id='word_1_258' title='bbox 1098 1772 1264 1824; x_wconf 82' lang='lat' dir='ltr'>exceptis</span> <span class='ocrx_word' id='word_1_259' title='bbox 1287 1773 1449 1812; x_wconf 89' lang='lat' dir='ltr'>urbibus</span> <span class='ocrx_word' id='word_1_260' title='bbox 1471 1773 1571 1825; x_wconf 74' lang='lat' dir='ltr'>Tyro</span> <span class='ocrx_word' id='word_1_261' title='bbox 1593 1781 1631 1813; x_wconf 92' lang='lat' dir='ltr'>et</span> <span class='ocrx_word' id='word_1_262' title='bbox 1654 1773 1796 1813; x_wconf 92' lang='lat' dir='ltr'>Sidone</span> <span class='ocrx_word' id='word_1_263' title='bbox 1815 1773 2016 1824; x_wconf 83' lang='lat' dir='ltr'>(Iosephus</span> <span class='ocrx_word' id='word_1_264' title='bbox 2037 1779 2115 1812; x_wconf 91' lang='lat' dir='ltr'>ant.</span> <span class='ocrx_word' id='word_1_265' title='bbox 2141 1774 2204 1820; x_wconf 88' lang='lat'>15,</span> 
     </span>
     <span class='ocr_line' id='line_1_25' title="bbox 407 1840 2204 1895; baseline -0.003 -9"><span class='ocrx_word' id='word_1_266' title='bbox 407 1848 443 1894; x_wconf 87' lang='lat'>4,</span> <span class='ocrx_word' id='word_1_267' title='bbox 478 1848 513 1894; x_wconf 90' lang='lat'>1,</span> <span class='ocrx_word' id='word_1_268' title='bbox 544 1847 630 1885; x_wconf 92' lang='lat' dir='ltr'>bell.</span> <span class='ocrx_word' id='word_1_269' title='bbox 657 1846 691 1892; x_wconf 88' lang='lat'>1,</span> <span class='ocrx_word' id='word_1_270' title='bbox 726 1844 788 1891; x_wconf 86' lang='grc'>18,</span> <span class='ocrx_word' id='word_1_271' title='bbox 823 1844 864 1895; x_wconf 90' lang='grc'>5)</span> <span class='ocrx_word' id='word_1_272' title='bbox 906 1843 1077 1894; x_wconf 88' lang='lat' dir='ltr'>itemque</span> <span class='ocrx_word' id='word_1_273' title='bbox 1122 1841 1338 1893; x_wconf 76' lang='lat' dir='ltr'>Coelesyria</span> <span class='ocrx_word' id='word_1_274' title='bbox 1376 1842 1577 1894; x_wconf 91' lang='lat' dir='ltr'>(Iosephus</span> <span class='ocrx_word' id='word_1_275' title='bbox 1615 1848 1693 1882; x_wconf 90' lang='lat' dir='ltr'>ant.</span> <span class='ocrx_word' id='word_1_276' title='bbox 1721 1843 1782 1889; x_wconf 88' lang='grc'>15,</span> <span class='ocrx_word' id='word_1_277' title='bbox 1815 1840 1851 1889; x_wconf 92' lang='grc'>3,</span> <span class='ocrx_word' id='word_1_278' title='bbox 1884 1841 1927 1888; x_wconf 78' lang='grc' dir='ltr'>8ς</span> <span class='ocrx_word' id='word_1_279' title='bbox 1973 1841 2204 1881; x_wconf 89' lang='lat' dir='ltr'>Plutarchus</span> 
     </span>
     <span class='ocr_line' id='line_1_26' title="bbox 404 1910 2202 1966; baseline -0.002 -12"><span class='ocrx_word' id='word_1_280' title='bbox 404 1916 430 1954; x_wconf 95' lang='grc'>1.</span> <span class='ocrx_word' id='word_1_281' title='bbox 452 1915 502 1966; x_wconf 90' lang='grc'>6.)</span> <span class='ocrx_word' id='word_1_282' title='bbox 533 1921 571 1954; x_wconf 90' lang='grc'>61</span> <span class='ocrx_word' id='word_1_283' title='bbox 600 1915 841 1953; x_wconf 87' lang='lat' dir='ltr'>Ituraeorum</span> <span class='ocrx_word' id='word_1_284' title='bbox 873 1911 977 1963; x_wconf 83' lang='lat' dir='ltr'>regio</span> <span class='ocrx_word' id='word_1_285' title='bbox 1008 1912 1179 1962; x_wconf 86' lang='lat' dir='ltr'>itemque</span> <span class='ocrx_word' id='word_1_286' title='bbox 1209 1911 1439 1949; x_wconf 90' lang='lat' dir='ltr'>Iudaeorum</span> <span class='ocrx_word' id='word_1_287' title='bbox 1472 1917 1510 1950; x_wconf 90' lang='lat' dir='ltr'>et</span> <span class='ocrx_word' id='word_1_288' title='bbox 1530 1911 1698 1950; x_wconf 89' lang='lat' dir='ltr'>Arabum</span> <span class='ocrx_word' id='word_1_289' title='bbox 1722 1910 2004 1950; x_wconf 88' lang='lat' dir='ltr'>Nabataeorum</span> <span class='ocrx_word' id='word_1_290' title='bbox 2029 1910 2115 1962; x_wconf 88' lang='lat' dir='ltr'>(Dio</span> <span class='ocrx_word' id='word_1_291' title='bbox 2137 1911 2202 1958; x_wconf 89' lang='lat'>49,</span> 
     </span>
     <span class='ocr_line' id='line_1_27' title="bbox 407 1978 2202 2035; baseline -0.002 -12"><span class='ocrx_word' id='word_1_292' title='bbox 407 1983 478 2032; x_wconf 77' lang='lat'>323</span> <span class='ocrx_word' id='word_1_293' title='bbox 515 1983 702 2035; x_wconf 89' lang='lat' dir='ltr'>Iosephus</span> <span class='ocrx_word' id='word_1_294' title='bbox 743 1987 821 2021; x_wconf 90' lang='lat' dir='ltr'>ant.</span> <span class='ocrx_word' id='word_1_295' title='bbox 856 1982 919 2028; x_wconf 90' lang='lat'>15,</span> <span class='ocrx_word' id='word_1_296' title='bbox 952 1981 989 2027; x_wconf 90' lang='grc'>4,</span> <span class='ocrx_word' id='word_1_297' title='bbox 1024 1981 1058 2018; x_wconf 93' lang='grc'>1.</span> <span class='ocrx_word' id='word_1_298' title='bbox 1091 1992 1122 2018; x_wconf 90' lang='lat' dir='ltr'>c.</span> <span class='ocrx_word' id='word_1_299' title='bbox 1147 1980 1183 2025; x_wconf 93' lang='grc'>5,</span> <span class='ocrx_word' id='word_1_300' title='bbox 1216 1978 1253 2025; x_wconf 88' lang='grc'>3,</span> <span class='ocrx_word' id='word_1_301' title='bbox 1285 1979 1371 2017; x_wconf 85' lang='grc'>11611.</span> <span class='ocrx_word' id='word_1_302' title='bbox 1398 1980 1432 2025; x_wconf 91' lang='grc'>1,</span> <span class='ocrx_word' id='word_1_303' title='bbox 1468 1979 1531 2026; x_wconf 87' lang='grc'>18,</span> <span class='ocrx_word' id='word_1_304' title='bbox 1561 1981 1597 2018; x_wconf 88' lang='grc'>5.</span> <span class='ocrx_word' id='word_1_305' title='bbox 1630 1992 1661 2018; x_wconf 91' lang='grc'>6.</span> <span class='ocrx_word' id='word_1_306' title='bbox 1684 1979 1749 2026; x_wconf 87' lang='grc'>20,</span> <span class='ocrx_word' id='word_1_307' title='bbox 1783 1978 1830 2026; x_wconf 86' lang='lat'>3;</span> <span class='ocrx_word' id='word_1_308' title='bbox 1868 1980 1915 2017; x_wconf 86' lang='lat' dir='ltr'>cf.</span> <span class='ocrx_word' id='word_1_309' title='bbox 1937 1979 2126 2019; x_wconf 89' lang='lat' dir='ltr'>Eusebius</span> <span class='ocrx_word' id='word_1_310' title='bbox 2157 1980 2202 2019; x_wconf 92' lang='lat' dir='ltr'>ad</span> 
     </span>
     <span class='ocr_line' id='line_1_28' title="bbox 405 2046 2203 2102; baseline -0.002 -11"><span class='ocrx_word' id='word_1_311' title='bbox 405 2065 438 2091; x_wconf 91' lang='lat' dir='ltr'>a.</span> <span class='ocrx_word' id='word_1_312' title='bbox 470 2052 559 2091; x_wconf 90' lang='lat' dir='ltr'>Abr.</span> <span class='ocrx_word' id='word_1_313' title='bbox 594 2051 717 2102; x_wconf 84' lang='grc'>1987)</span> <span class='ocrx_word' id='word_1_314' title='bbox 762 2056 798 2089; x_wconf 83' lang='grc'>61</span> <span class='ocrx_word' id='word_1_315' title='bbox 834 2055 962 2101; x_wconf 85' lang='lat' dir='ltr'>partes</span> <span class='ocrx_word' id='word_1_316' title='bbox 1005 2048 1191 2099; x_wconf 89' lang='lat' dir='ltr'>quaedam</span> <span class='ocrx_word' id='word_1_317' title='bbox 1238 2046 1389 2086; x_wconf 88' lang='lat' dir='ltr'>Ciliciae</span> <span class='ocrx_word' id='word_1_318' title='bbox 1429 2047 1586 2098; x_wconf 87' lang='lat' dir='ltr'>(Strabo</span> <span class='ocrx_word' id='word_1_319' title='bbox 1628 2048 1698 2094; x_wconf 87' lang='grc'>14,</span> <span class='ocrx_word' id='word_1_320' title='bbox 1731 2048 1776 2094; x_wconf 92' lang='grc'>5,</span> <span class='ocrx_word' id='word_1_321' title='bbox 1809 2046 1832 2085; x_wconf 90' lang='grc'>3</span> <span class='ocrx_word' id='word_1_322' title='bbox 1864 2060 1900 2098; x_wconf 91' lang='lat' dir='ltr'>p.</span> <span class='ocrx_word' id='word_1_323' title='bbox 1924 2047 2017 2087; x_wconf 91' lang='grc'>669.</span> <span class='ocrx_word' id='word_1_324' title='bbox 2055 2060 2086 2086; x_wconf 89' lang='lat' dir='ltr'>c.</span> <span class='ocrx_word' id='word_1_325' title='bbox 2110 2048 2146 2095; x_wconf 91' lang='lat'>5,</span> <span class='ocrx_word' id='word_1_326' title='bbox 2178 2048 2203 2087; x_wconf 91' lang='lat'><strong>6</strong></span> 
     </span>
     <span class='ocr_line' id='line_1_29' title="bbox 404 2115 2204 2173; baseline -0.003 -13"><span class='ocrx_word' id='word_1_327' title='bbox 404 2135 441 2173; x_wconf 94' lang='lat' dir='ltr'>p.</span> <span class='ocrx_word' id='word_1_328' title='bbox 464 2121 561 2170; x_wconf 90' lang='grc'>671)</span> <span class='ocrx_word' id='word_1_329' title='bbox 593 2127 630 2159; x_wconf 90' lang='grc'>61</span> <span class='ocrx_word' id='word_1_330' title='bbox 658 2122 823 2159; x_wconf 88' lang='lat' dir='ltr'>fortasse</span> <span class='ocrx_word' id='word_1_331' title='bbox 844 2118 978 2157; x_wconf 87' lang='lat' dir='ltr'>Cretae</span> <span class='ocrx_word' id='word_1_332' title='bbox 1007 2128 1162 2168; x_wconf 88' lang='lat' dir='ltr'>quoque</span> <span class='ocrx_word' id='word_1_333' title='bbox 1193 2115 1278 2164; x_wconf 91' lang='lat' dir='ltr'>(Dio</span> <span class='ocrx_word' id='word_1_334' title='bbox 1300 2115 1365 2162; x_wconf 90' lang='grc'>49,</span> <span class='ocrx_word' id='word_1_335' title='bbox 1399 2115 1483 2163; x_wconf 86' lang='grc'>32),</span> <span class='ocrx_word' id='word_1_336' title='bbox 1514 2115 1679 2167; x_wconf 91' lang='lat' dir='ltr'>denique</span> <span class='ocrx_word' id='word_1_337' title='bbox 1707 2115 1875 2167; x_wconf 75' lang='lat' dir='ltr'>Cyrenae</span> <span class='ocrx_word' id='word_1_338' title='bbox 1903 2115 1966 2167; x_wconf 87' lang='lat' dir='ltr'>(eo</span> <span class='ocrx_word' id='word_1_339' title='bbox 1987 2117 2090 2155; x_wconf 89' lang='lat' dir='ltr'>enim</span> <span class='ocrx_word' id='word_1_340' title='bbox 2112 2129 2204 2168; x_wconf 91' lang='lat' dir='ltr'>per-</span> 
     </span>
     <span class='ocr_line' id='line_1_30' title="bbox 406 2183 2203 2241; baseline -0.002 -13"><span class='ocrx_word' id='word_1_341' title='bbox 406 2189 504 2228; x_wconf 88' lang='lat' dir='ltr'>tinet</span> <span class='ocrx_word' id='word_1_342' title='bbox 539 2186 688 2241; x_wconf 78' lang='grc' dir='ltr'><em>Λιβύη</em></span> <span class='ocrx_word' id='word_1_343' title='bbox 720 2187 822 2239; x_wconf 89' lang='lat' dir='ltr'>apud</span> <span class='ocrx_word' id='word_1_344' title='bbox 861 2185 1113 2225; x_wconf 87' lang='lat' dir='ltr'>Plutarchum</span> <span class='ocrx_word' id='word_1_345' title='bbox 1149 2184 1174 2222; x_wconf 90' lang='lat' dir='ltr'>l.</span> <span class='ocrx_word' id='word_1_346' title='bbox 1205 2186 1277 2231; x_wconf 89' lang='grc'>6.);</span> <span class='ocrx_word' id='word_1_347' title='bbox 1317 2184 1411 2223; x_wconf 83' lang='grc'>11366</span> <span class='ocrx_word' id='word_1_348' title='bbox 1441 2186 1570 2224; x_wconf 87' lang='lat' dir='ltr'>onmia</span> <span class='ocrx_word' id='word_1_349' title='bbox 1600 2184 1766 2235; x_wconf 82' lang='lat' dir='ltr'>regenda</span> <span class='ocrx_word' id='word_1_350' title='bbox 1797 2183 1953 2223; x_wconf 87' lang='lat' dir='ltr'>tradidit</span> <span class='ocrx_word' id='word_1_351' title='bbox 1983 2184 2203 2237; x_wconf 88' lang='lat' dir='ltr'>Cleopatrae</span> 
     </span>
     <span class='ocr_line' id='line_1_31' title="bbox 406 2251 2200 2308; baseline -0.002 -12"><span class='ocrx_word' id='word_1_352' title='bbox 406 2257 566 2308; x_wconf 86' lang='lat' dir='ltr'>eiusque</span> <span class='ocrx_word' id='word_1_353' title='bbox 595 2256 672 2295; x_wconf 86' lang='lat' dir='ltr'>filio</span> <span class='ocrx_word' id='word_1_354' title='bbox 704 2268 749 2294; x_wconf 72' lang='lat' dir='ltr'>ex</span> <span class='ocrx_word' id='word_1_355' title='bbox 771 2255 931 2294; x_wconf 88' lang='lat' dir='ltr'>Caesare</span> <span class='ocrx_word' id='word_1_356' title='bbox 962 2258 1141 2305; x_wconf 90' lang='lat' dir='ltr'>suscepto</span> <span class='ocrx_word' id='word_1_357' title='bbox 1164 2251 1395 2291; x_wconf 91' lang='lat' dir='ltr'>Caesarioni.</span> <span class='ocrx_word' id='word_1_358' title='bbox 1446 2252 1627 2292; x_wconf 84' lang='lat' dir='ltr'>Restituit</span> <span class='ocrx_word' id='word_1_359' title='bbox 1650 2253 1740 2291; x_wconf 90' lang='lat' dir='ltr'>item</span> <span class='ocrx_word' id='word_1_360' title='bbox 1765 2264 1927 2303; x_wconf 79' lang='lat' dir='ltr'>regnum</span> <span class='ocrx_word' id='word_1_361' title='bbox 1951 2252 2200 2304; x_wconf 80' lang='lat' dir='ltr'>Cyrenarum,</span> 
     </span>
     <span class='ocr_line' id='line_1_32' title="bbox 406 2320 2202 2374; baseline -0.003 -9"><span class='ocrx_word' id='word_1_362' title='bbox 406 2325 625 2365; x_wconf 88' lang='lat' dir='ltr'>subiectum</span> <span class='ocrx_word' id='word_1_363' title='bbox 656 2331 785 2364; x_wconf 89' lang='lat' dir='ltr'>tamen</span> <span class='ocrx_word' id='word_1_364' title='bbox 814 2323 1056 2374; x_wconf 73' lang='lat' dir='ltr'>Aegyptiaco,</span> <span class='ocrx_word' id='word_1_365' title='bbox 1090 2321 1321 2371; x_wconf 87' lang='lat' dir='ltr'>tradiditque</span> <span class='ocrx_word' id='word_1_366' title='bbox 1353 2321 1425 2359; x_wconf 91' lang='lat' dir='ltr'>sub</span> <span class='ocrx_word' id='word_1_367' title='bbox 1456 2327 1579 2360; x_wconf 89' lang='lat' dir='ltr'>matre</span> <span class='ocrx_word' id='word_1_368' title='bbox 1607 2321 1820 2372; x_wconf 83' lang='lat' dir='ltr'>regendum</span> <span class='ocrx_word' id='word_1_369' title='bbox 1854 2320 2074 2372; x_wconf 90' lang='lat' dir='ltr'>Cleopatrae</span> <span class='ocrx_word' id='word_1_370' title='bbox 2104 2321 2202 2361; x_wconf 86' lang='lat' dir='ltr'>filiae</span> 
     </span>
     <span class='ocr_line' id='line_1_33' title="bbox 406 2389 2200 2444; baseline -0.003 -10"><span class='ocrx_word' id='word_1_371' title='bbox 406 2407 497 2434; x_wconf 90' lang='lat' dir='ltr'>suae</span> <span class='ocrx_word' id='word_1_372' title='bbox 528 2407 574 2433; x_wconf 81' lang='lat' dir='ltr'>ex</span> <span class='ocrx_word' id='word_1_373' title='bbox 604 2393 814 2444; x_wconf 86' lang='lat' dir='ltr'>Cleopatra.</span> <span class='ocrx_word' id='word_1_374' title='bbox 874 2390 1057 2430; x_wconf 89' lang='lat' dir='ltr'>Restituit</span> <span class='ocrx_word' id='word_1_375' title='bbox 1088 2389 1266 2429; x_wconf 89' lang='lat' dir='ltr'>similiter</span> <span class='ocrx_word' id='word_1_376' title='bbox 1295 2401 1458 2440; x_wconf 85' lang='lat' dir='ltr'>regnum</span> <span class='ocrx_word' id='word_1_377' title='bbox 1482 2389 1611 2441; x_wconf 66' lang='lat' dir='ltr'>Syriae</span> <span class='ocrx_word' id='word_1_378' title='bbox 1633 2389 1882 2441; x_wconf 90' lang='lat' dir='ltr'>(Plutarchus</span> <span class='ocrx_word' id='word_1_379' title='bbox 1912 2389 1937 2427; x_wconf 94' lang='grc'>1.</span> <span class='ocrx_word' id='word_1_380' title='bbox 1961 2402 2013 2437; x_wconf 87' lang='grc'>6.;</span> <span class='ocrx_word' id='word_1_381' title='bbox 2043 2389 2113 2428; x_wconf 92' lang='lat' dir='ltr'>Dio</span> <span class='ocrx_word' id='word_1_382' title='bbox 2135 2390 2200 2436; x_wconf 84' lang='grc'>49,</span> 
     </span>
     <span class='ocr_line' id='line_1_34' title="bbox 406 2456 2202 2513; baseline -0.003 -11"><span class='ocrx_word' id='word_1_383' title='bbox 406 2464 488 2511; x_wconf 87' lang='grc'>41),</span> <span class='ocrx_word' id='word_1_384' title='bbox 520 2473 754 2513; x_wconf 89' lang='lat' dir='ltr'>quamquam</span> <span class='ocrx_word' id='word_1_385' title='bbox 787 2472 924 2511; x_wconf 83' lang='lat' dir='ltr'>magna</span> <span class='ocrx_word' id='word_1_386' title='bbox 954 2471 1042 2511; x_wconf 89' lang='lat' dir='ltr'>pars</span> <span class='ocrx_word' id='word_1_387' title='bbox 1074 2458 1156 2497; x_wconf 90' lang='lat' dir='ltr'>eius</span> <span class='ocrx_word' id='word_1_388' title='bbox 1179 2457 1401 2509; x_wconf 88' lang='lat' dir='ltr'>Cleopatrae</span> <span class='ocrx_word' id='word_1_389' title='bbox 1432 2458 1558 2505; x_wconf 89' lang='lat' dir='ltr'>cessit,</span> <span class='ocrx_word' id='word_1_390' title='bbox 1591 2458 1735 2497; x_wconf 89' lang='lat' dir='ltr'>adiecta</span> <span class='ocrx_word' id='word_1_391' title='bbox 1757 2463 1864 2509; x_wconf 89' lang='lat' dir='ltr'>parte</span> <span class='ocrx_word' id='word_1_392' title='bbox 1886 2457 2030 2496; x_wconf 91' lang='lat' dir='ltr'>maiore</span> <span class='ocrx_word' id='word_1_393' title='bbox 2053 2456 2202 2496; x_wconf 88' lang='lat' dir='ltr'>Ciliciae</span> 
     </span>
     <span class='ocr_line' id='line_1_35' title="bbox 407 2524 2202 2580; baseline -0.003 -10"><span class='ocrx_word' id='word_1_394' title='bbox 407 2531 614 2580; x_wconf 78' lang='lat' dir='ltr'>(Plutarch.</span> <span class='ocrx_word' id='word_1_395' title='bbox 637 2531 661 2568; x_wconf 90' lang='grc'>1.</span> <span class='ocrx_word' id='word_1_396' title='bbox 684 2529 734 2580; x_wconf 90' lang='grc'>6.)</span> <span class='ocrx_word' id='word_1_397' title='bbox 767 2528 1000 2579; x_wconf 86' lang='lat' dir='ltr'>tradiditque</span> <span class='ocrx_word' id='word_1_398' title='bbox 1031 2526 1107 2565; x_wconf 87' lang='lat' dir='ltr'>filio</span> <span class='ocrx_word' id='word_1_399' title='bbox 1138 2539 1209 2565; x_wconf 91' lang='lat' dir='ltr'>suo</span> <span class='ocrx_word' id='word_1_400' title='bbox 1240 2538 1286 2564; x_wconf 84' lang='lat' dir='ltr'>ex</span> <span class='ocrx_word' id='word_1_401' title='bbox 1314 2526 1514 2578; x_wconf 87' lang='lat' dir='ltr'>Cleopatra</span> <span class='ocrx_word' id='word_1_402' title='bbox 1544 2532 1638 2565; x_wconf 90' lang='lat' dir='ltr'>natu</span> <span class='ocrx_word' id='word_1_403' title='bbox 1668 2526 1810 2565; x_wconf 87' lang='lat' dir='ltr'>minori</span> <span class='ocrx_word' id='word_1_404' title='bbox 1831 2525 2050 2565; x_wconf 89' lang='lat' dir='ltr'>Ptolemaeo</span> <span class='ocrx_word' id='word_1_405' title='bbox 2070 2524 2202 2565; x_wconf 88' lang='lat' dir='ltr'>Phila-</span> 
     </span>
     <span class='ocr_line' id='line_1_36' title="bbox 406 2593 2202 2651; baseline -0.003 -13"><span class='ocrx_word' id='word_1_406' title='bbox 406 2600 554 2651; x_wconf 88' lang='lat' dir='ltr'>delpho.</span> <span class='ocrx_word' id='word_1_407' title='bbox 605 2598 895 2637; x_wconf 86' lang='lat' dir='ltr'>Constituturus</span> <span class='ocrx_word' id='word_1_408' title='bbox 933 2602 1014 2635; x_wconf 88' lang='lat' dir='ltr'>erat</span> <span class='ocrx_word' id='word_1_409' title='bbox 1050 2601 1247 2646; x_wconf 88' lang='lat' dir='ltr'>praeterea</span> <span class='ocrx_word' id='word_1_410' title='bbox 1282 2606 1445 2645; x_wconf 85' lang='lat' dir='ltr'>regnum</span> <span class='ocrx_word' id='word_1_411' title='bbox 1476 2594 1699 2642; x_wconf 88' lang='lat' dir='ltr'>Armeniae,</span> <span class='ocrx_word' id='word_1_412' title='bbox 1737 2594 1799 2633; x_wconf 89' lang='lat' dir='ltr'>cui</span> <span class='ocrx_word' id='word_1_413' title='bbox 1827 2594 2053 2633; x_wconf 88' lang='lat' dir='ltr'>accederent</span> <span class='ocrx_word' id='word_1_414' title='bbox 2080 2593 2202 2633; x_wconf 87' lang='lat' dir='ltr'>Media</span> 
     </span>
     <span class='ocr_line' id='line_1_37' title="bbox 405 2661 2199 2718; baseline -0.004 -11"><span class='ocrx_word' id='word_1_415' title='bbox 405 2668 658 2718; x_wconf 87' lang='lat' dir='ltr'>Parthiaque‚</span> <span class='ocrx_word' id='word_1_416' title='bbox 696 2665 976 2716; x_wconf 86' lang='lat' dir='ltr'>destinavitque</span> <span class='ocrx_word' id='word_1_417' title='bbox 1016 2662 1125 2702; x_wconf 86' lang='lat' dir='ltr'>alteri</span> <span class='ocrx_word' id='word_1_418' title='bbox 1155 2662 1232 2701; x_wconf 89' lang='lat' dir='ltr'>filio</span> <span class='ocrx_word' id='word_1_419' title='bbox 1263 2675 1308 2701; x_wconf 83' lang='lat' dir='ltr'>ex</span> <span class='ocrx_word' id='word_1_420' title='bbox 1339 2663 1539 2714; x_wconf 88' lang='lat' dir='ltr'>Cleopatra</span> <span class='ocrx_word' id='word_1_421' title='bbox 1569 2669 1663 2702; x_wconf 91' lang='lat' dir='ltr'>natu</span> <span class='ocrx_word' id='word_1_422' title='bbox 1693 2662 1827 2701; x_wconf 88' lang='lat' dir='ltr'>maiori</span> <span class='ocrx_word' id='word_1_423' title='bbox 1854 2662 2071 2701; x_wconf 83' lang='lat' dir='ltr'>Alexandro</span> <span class='ocrx_word' id='word_1_424' title='bbox 2103 2661 2199 2711; x_wconf 89' lang='lat' dir='ltr'>(Liv.</span> 
     </span>
     <span class='ocr_line' id='line_1_38' title="bbox 406 2730 2199 2787; baseline -0.003 -12"><span class='ocrx_word' id='word_1_425' title='bbox 406 2749 463 2787; x_wconf 90' lang='lat' dir='ltr'>ep.</span> <span class='ocrx_word' id='word_1_426' title='bbox 490 2735 587 2783; x_wconf 77' lang='lat'>1313</span> <span class='ocrx_word' id='word_1_427' title='bbox 608 2735 709 2774; x_wconf 91' lang='lat' dir='ltr'>Plut.</span> <span class='ocrx_word' id='word_1_428' title='bbox 727 2735 751 2773; x_wconf 94' lang='grc'>1.</span> <span class='ocrx_word' id='word_1_429' title='bbox 770 2747 822 2782; x_wconf 88' lang='grc'>6.;</span> <span class='ocrx_word' id='word_1_430' title='bbox 851 2746 965 2785; x_wconf 89' lang='lat' dir='ltr'>supra</span> <span class='ocrx_word' id='word_1_431' title='bbox 987 2746 1023 2784; x_wconf 88' lang='lat' dir='ltr'>p.</span> <span class='ocrx_word' id='word_1_432' title='bbox 1049 2732 1157 2783; x_wconf 89' lang='grc'>110).</span> <span class='ocrx_word' id='word_1_433' title='bbox 1190 2731 1295 2778; x_wconf 88' lang='lat' dir='ltr'>Quae</span> <span class='ocrx_word' id='word_1_434' title='bbox 1315 2732 1469 2783; x_wconf 88' lang='lat' dir='ltr'>imperii</span> <span class='ocrx_word' id='word_1_435' title='bbox 1488 2732 1653 2771; x_wconf 89' lang='lat' dir='ltr'>Romani</span> <span class='ocrx_word' id='word_1_436' title='bbox 1674 2731 1897 2770; x_wconf 89' lang='lat' dir='ltr'>imminutio</span> <span class='ocrx_word' id='word_1_437' title='bbox 1917 2731 1976 2770; x_wconf 85' lang='lat' dir='ltr'>vel</span> <span class='ocrx_word' id='word_1_438' title='bbox 1997 2730 2199 2782; x_wconf 86' lang='lat' dir='ltr'>praecipua</span> 
     </span>
     <span class='ocr_line' id='line_1_39' title="bbox 406 2798 2200 2854; baseline -0.003 -11"><span class='ocrx_word' id='word_1_439' title='bbox 406 2817 519 2843; x_wconf 88' lang='lat' dir='ltr'>causa</span> <span class='ocrx_word' id='word_1_440' title='bbox 548 2803 622 2843; x_wconf 89' lang='lat' dir='ltr'>suit</span> <span class='ocrx_word' id='word_1_441' title='bbox 652 2803 740 2842; x_wconf 89' lang='lat' dir='ltr'>belli</span> <span class='ocrx_word' id='word_1_442' title='bbox 770 2803 816 2842; x_wconf 91' lang='lat' dir='ltr'>ab</span> <span class='ocrx_word' id='word_1_443' title='bbox 837 2803 1010 2854; x_wconf 80' lang='lat' dir='ltr'>Augusto</span> <span class='ocrx_word' id='word_1_444' title='bbox 1041 2807 1173 2840; x_wconf 88' lang='lat' dir='ltr'>contra</span> <span class='ocrx_word' id='word_1_445' title='bbox 1194 2800 1406 2840; x_wconf 89' lang='lat' dir='ltr'>Antonium</span> <span class='ocrx_word' id='word_1_446' title='bbox 1430 2800 1599 2852; x_wconf 88' lang='lat' dir='ltr'>suscepti</span> <span class='ocrx_word' id='word_1_447' title='bbox 1621 2799 1704 2847; x_wconf 91' lang='lat' dir='ltr'>(Dio</span> <span class='ocrx_word' id='word_1_448' title='bbox 1728 2800 1792 2846; x_wconf 83' lang='lat'>50,</span> <span class='ocrx_word' id='word_1_449' title='bbox 1818 2800 1859 2846; x_wconf 77' lang='lat'>13</span> <span class='ocrx_word' id='word_1_450' title='bbox 1890 2798 1991 2838; x_wconf 94' lang='lat' dir='ltr'>Plut.</span> <span class='ocrx_word' id='word_1_451' title='bbox 2013 2799 2037 2837; x_wconf 92' lang='lat' dir='ltr'>l.</span> <span class='ocrx_word' id='word_1_452' title='bbox 2060 2801 2124 2847; x_wconf 87' lang='lat' dir='ltr'>c.).</span> <span class='ocrx_word' id='word_1_453' title='bbox 2146 2821 2200 2826; x_wconf 85' lang='lat'>—</span> 
     </span>
     <span class='ocr_line' id='line_1_40' title="bbox 405 2866 2200 2923; baseline -0.003 -12"><span class='ocrx_word' id='word_1_454' title='bbox 405 2872 462 2911; x_wconf 91' lang='lat' dir='ltr'>Ad</span> <span class='ocrx_word' id='word_1_455' title='bbox 497 2878 669 2923; x_wconf 85' lang='lat' dir='ltr'>receptas</span> <span class='ocrx_word' id='word_1_456' title='bbox 707 2871 923 2923; x_wconf 87' lang='lat' dir='ltr'>provincias</span> <span class='ocrx_word' id='word_1_457' title='bbox 962 2870 1147 2909; x_wconf 89' lang='lat' dir='ltr'>debellato</span> <span class='ocrx_word' id='word_1_458' title='bbox 1184 2869 1350 2908; x_wconf 87' lang='lat' dir='ltr'>Antonio</span> <span class='ocrx_word' id='word_1_459' title='bbox 1391 2883 1424 2908; x_wconf 87' lang='lat' dir='ltr'>a.</span> <span class='ocrx_word' id='word_1_460' title='bbox 1447 2883 1484 2908; x_wconf 89' lang='lat' dir='ltr'>u.</span> <span class='ocrx_word' id='word_1_461' title='bbox 1507 2882 1539 2908; x_wconf 94' lang='grc'>6.</span> <span class='ocrx_word' id='word_1_462' title='bbox 1563 2868 1644 2907; x_wconf 73' lang='grc'>724</span> <span class='ocrx_word' id='word_1_463' title='bbox 1684 2868 1850 2920; x_wconf 87' lang='lat' dir='ltr'>pertinet</span> <span class='ocrx_word' id='word_1_464' title='bbox 1878 2866 2108 2906; x_wconf 89' lang='lat' dir='ltr'>nummulus</span> <span class='ocrx_word' id='word_1_465' title='bbox 2138 2866 2200 2905; x_wconf 92' lang='lat' dir='ltr'>in-</span> 
     </span>
     <span class='ocr_line' id='line_1_41' title="bbox 406 2934 2198 2993; baseline -0.004 -13"><span class='ocrx_word' id='word_1_466' title='bbox 406 2940 573 2992; x_wconf 89' lang='lat' dir='ltr'>scriptus</span> <span class='ocrx_word' id='word_1_467' title='bbox 594 2941 681 2980; x_wconf 76' lang='lat' dir='ltr'>Asia</span> <span class='ocrx_word' id='word_1_468' title='bbox 701 2947 857 2993; x_wconf 79' lang='lat' dir='ltr'>recepta,</span> <span class='ocrx_word' id='word_1_469' title='bbox 875 2951 990 2991; x_wconf 90' lang='lat' dir='ltr'>quem</span> <span class='ocrx_word' id='word_1_470' title='bbox 1013 2945 1171 2991; x_wconf 87' lang='lat' dir='ltr'>propter</span> <span class='ocrx_word' id='word_1_471' title='bbox 1191 2938 1481 2990; x_wconf 89' lang='lat' dir='ltr'>inscriptionem</span> <span class='ocrx_word' id='word_1_472' title='bbox 1504 2937 1643 2977; x_wconf 81' lang='lat' dir='ltr'>Caesar</span> <span class='ocrx_word' id='word_1_473' title='bbox 1658 2940 1748 2988; x_wconf 78' lang='lat' dir='ltr'>imp.</span> <span class='ocrx_word' id='word_1_474' title='bbox 1775 2949 1828 2974; x_wconf 68' lang='grc'>111</span> <span class='ocrx_word' id='word_1_475' title='bbox 1846 2948 1962 2987; x_wconf 84' lang='grc'>5111113</span> <span class='ocrx_word' id='word_1_476' title='bbox 1982 2947 2019 2987; x_wconf 92' lang='lat' dir='ltr'>p.</span> <span class='ocrx_word' id='word_1_477' title='bbox 2033 2934 2082 2973; x_wconf 85' lang='lat'>12</span> <span class='ocrx_word' id='word_1_478' title='bbox 2100 2934 2198 2973; x_wconf 84' lang='lat' dir='ltr'>dixi-</span> 
     </span>
     <span class='ocr_line' id='line_1_42' title="bbox 406 3003 2197 3056; baseline -0.004 -8"><span class='ocrx_word' id='word_1_479' title='bbox 406 3022 493 3048; x_wconf 91' lang='lat' dir='ltr'>mus</span> <span class='ocrx_word' id='word_1_480' title='bbox 515 3021 651 3048; x_wconf 90' lang='lat' dir='ltr'>cusum</span> <span class='ocrx_word' id='word_1_481' title='bbox 674 3022 758 3048; x_wconf 88' lang='lat' dir='ltr'>esse</span> <span class='ocrx_word' id='word_1_482' title='bbox 778 3009 880 3048; x_wconf 89' lang='lat' dir='ltr'>inter</span> <span class='ocrx_word' id='word_1_483' title='bbox 900 3021 932 3047; x_wconf 89' lang='lat' dir='ltr'>a.</span> <span class='ocrx_word' id='word_1_484' title='bbox 952 3007 1031 3046; x_wconf 89' lang='grc'>725</span> <span class='ocrx_word' id='word_1_485' title='bbox 1054 3014 1091 3046; x_wconf 85' lang='grc'>61</span> <span class='ocrx_word' id='word_1_486' title='bbox 1113 3007 1205 3053; x_wconf 89' lang='grc'>729,</span> <span class='ocrx_word' id='word_1_487' title='bbox 1228 3005 1381 3046; x_wconf 79' lang='lat' dir='ltr'>videtur</span> <span class='ocrx_word' id='word_1_488' title='bbox 1410 3012 1540 3045; x_wconf 90' lang='lat' dir='ltr'>autem</span> <span class='ocrx_word' id='word_1_489' title='bbox 1571 3018 1688 3045; x_wconf 87' lang='lat' dir='ltr'>cusus</span> <span class='ocrx_word' id='word_1_490' title='bbox 1719 3018 1803 3044; x_wconf 91' lang='lat' dir='ltr'>esse</span> <span class='ocrx_word' id='word_1_491' title='bbox 1831 3005 1917 3056; x_wconf 89' lang='lat' dir='ltr'>ipso</span> <span class='ocrx_word' id='word_1_492' title='bbox 1938 3016 1970 3043; x_wconf 85' lang='lat' dir='ltr'>a.</span> <span class='ocrx_word' id='word_1_493' title='bbox 1996 3003 2088 3051; x_wconf 84' lang='lat'>725,</span> <span class='ocrx_word' id='word_1_494' title='bbox 2120 3015 2197 3054; x_wconf 90' lang='lat' dir='ltr'>quo</span> 
     </span>
     <span class='ocr_line' id='line_1_43' title="bbox 405 3071 2196 3128; baseline -0.003 -13"><span class='ocrx_word' id='word_1_495' title='bbox 405 3077 612 3128; x_wconf 85' lang='lat' dir='ltr'>incipiente</span> <span class='ocrx_word' id='word_1_496' title='bbox 628 3077 765 3117; x_wconf 89' lang='lat' dir='ltr'>Caesar</span> <span class='ocrx_word' id='word_1_497' title='bbox 782 3077 1003 3117; x_wconf 89' lang='lat' dir='ltr'>morabatur</span> <span class='ocrx_word' id='word_1_498' title='bbox 1018 3076 1056 3115; x_wconf 90' lang='lat' dir='ltr'>in</span> <span class='ocrx_word' id='word_1_499' title='bbox 1069 3075 1158 3115; x_wconf 90' lang='lat' dir='ltr'>Asia</span> <span class='ocrx_word' id='word_1_500' title='bbox 1174 3075 1324 3114; x_wconf 89' lang='lat' dir='ltr'>minore</span> <span class='ocrx_word' id='word_1_501' title='bbox 1341 3074 1425 3125; x_wconf 78' lang='lat' dir='ltr'>(Dio</span> <span class='ocrx_word' id='word_1_502' title='bbox 1444 3074 1594 3122; x_wconf 85' lang='grc'>51,18;</span> <span class='ocrx_word' id='word_1_503' title='bbox 1616 3076 1662 3113; x_wconf 87' lang='lat' dir='ltr'>cf.</span> <span class='ocrx_word' id='word_1_504' title='bbox 1680 3072 2021 3113; x_wconf 68' lang='lat' dir='ltr'>romMitnzwesen</span> <span class='ocrx_word' id='word_1_505' title='bbox 2036 3084 2073 3124; x_wconf 90' lang='lat' dir='ltr'>p.</span> <span class='ocrx_word' id='word_1_506' title='bbox 2087 3071 2196 3119; x_wconf 88' lang='grc'>707).</span> 
     </span>
    </p>
   </div>
   <div class='ocr_carea' id='block_1_3' title="bbox 2361 0 2430 2864">
    <p class='ocr_par' dir='ltr' id='par_1_10' title="bbox 2361 0 2430 2864">
     <span class='ocr_line' id='line_1_44' title="bbox 2361 0 2430 2864; baseline 0 0"><span class='ocrx_word' id='word_1_507' title='bbox 2361 0 2430 2864; x_wconf 95' lang='lat' dir='ltr'> </span> 
     </span>
    </p>
   </div>
   <div class='ocr_carea' id='block_1_4' title="bbox 2407 3085 2430 3394">
    <p class='ocr_par' dir='ltr' id='par_1_11' title="bbox 2407 3085 2430 3394">
     <span class='ocr_line' id='line_1_45' title="bbox 2407 3085 2430 3394; baseline 0 0"><span class='ocrx_word' id='word_1_508' title='bbox 2407 3085 2430 3394; x_wconf 95' lang='lat' dir='ltr'> </span> 
     </span>
    </p>
   </div>
  </div>
 </body>
</html>
