2430 3394
459 118 511 158 10
1294 117 1323 160 Ι,
1350 119 1391 152 21

1176 370 1405 419 CAPVT
1443 371 1516 418 IV

537 504 620 529 LAT.
647 493 681 538 1,
702 504 733 530 21
771 492 861 542 [Bis]
891 491 1007 530 ovans
1041 490 1296 541 t.riumpha[vi,
1327 491 1397 528 tris
1426 491 1483 541 eyi
1510 489 1664 540 c]urulis
1696 489 1925 542 triumphos.

579 573 638 598 GR.
661 560 698 607 2,
720 575 735 599 9
778 559 859 607 Δὶς
890 559 977 610 ἐ[πὶ
1011 558 1184 612 κέλητος
1215 555 1550 610 ἐθριάμβευσα],
1581 557 1672 611 τρὶς
1701 557 1797 611 [eff
1828 555 2038 612 ἅρματος.’

453 646 662 685 Suetonius
693 647 787 698 Aug.
811 646 882 684 22:
926 647 979 685 bis
1020 658 1135 686 ovans
1172 647 1359 697 myressus
1395 653 1447 685 est
1483 646 1614 684 urbem
1646 652 1730 697 post
1766 645 1996 697 Philippense
2032 654 2066 686 et
2102 657 2240 685 rursus

407 730 410 731 ⁷
446 722 530 766 post
560 714 732 754 Siculum
771 715 919 754 bellum.
987 714 1098 753 Prior
1136 714 1261 765 ovatio
1302 713 1430 752 habita
1468 719 1527 753 est
1556 727 1588 753 a.
1611 727 1648 753 u.
1671 727 1702 753 e.
1726 715 1825 761 714,
1866 714 1963 766 quod
1995 726 2125 766 pacem
2156 726 2240 754 cum

450 783 501 822 M.
525 784 682 823 Antonio
721 785 807 835 fecit
837 784 925 833 (act.
956 783 1142 834 triumph.
1172 782 1314 834 Capit.;
1345 783 1414 822 Dio
1447 783 1512 830 48,
1545 782 1638 834 31);
1675 783 1790 822 altera
1829 795 1877 822 em
1906 782 2035 822 Sicilia
2072 782 2122 822 id.
2144 782 2237 821 Nov.

451 865 482 890 a.
507 852 586 891 718
618 853 706 903 (act.
728 852 813 899 cit.;
844 852 913 890 Dio
936 852 1001 898 49,
1037 853 1105 899 15;
1138 851 1326 891 Eusebius
1358 852 1441 891 loco
1472 864 1550 890 non
1574 864 1643 890 suo
1665 851 1711 890 ad
1733 864 1764 890 a.
1787 851 1877 890 Abr.
1903 851 2009 897 1986
2032 851 2110 891 sive
2132 850 2239 890 urbis

451 920 550 959 724:
595 918 846 968 Αὔγουστος
877 917 1008 965 πεζὸν
1039 918 1335 973 ἐθριάμβευσε
1366 921 1620 973 θρίαμβον).
1679 920 1732 959 De
1763 919 1873 959 tertia
1904 919 2092 967 ovatione,
2123 932 2239 971 quam
2335 950 2353 969 ,
2400 949 2402 955 .

452 989 548 1027 male
580 988 613 1027 ei
646 988 780 1027 tribuit
810 988 891 1035 Dio,
924 989 1007 1027 vide
1037 989 1135 1027 infra
1167 989 1213 1027 ad
1248 990 1282 1036 1,
1315 989 1388 1036 23;
1420 989 1553 1028 falsam
1584 1001 1667 1027 eam
1699 1001 1782 1028 esse
1814 1001 1902 1027 cum
1934 988 2005 1027 alia
2029 988 2241 1028 ostendunt

450 1064 531 1096 tum
570 1056 672 1107 quod
711 1062 970 1107 superest'ex
1010 1056 1148 1096 indicis
1187 1057 1328 1096 Graeca
1369 1057 1697 1109 interpretatione.
1757 1057 1798 1096 In
1837 1070 1879 1096 ea
1918 1062 2113 1109 praeterea
2150 1062 2240 1096 nota

449 1126 620 1164 curulem
654 1125 895 1177 triumphum
928 1125 1025 1164 verti
1054 1121 1125 1179 ἐφ’
1158 1121 1347 1179 ἅρματος
1379 1128 1442 1176 (cs.
1465 1127 1621 1166 Sueten.
1645 1126 1726 1165 Tib.
1751 1126 1792 1165 9:
1830 1133 1864 1165 et
1903 1137 2019 1165 ovans
2055 1133 2088 1166 et
2124 1137 2241 1165 curru

450 1195 580 1233 urbem
610 1196 798 1245 ingressus
827 1196 907 1242 est).

579 1263 741 1314 Augusti
772 1275 860 1301 cum
892 1262 924 1301 is
964 1262 1029 1313 qui
1069 1262 1297 1314 conscripsit
1339 1263 1484 1302 tabulas
1515 1263 1808 1302 Barberinianas
1840 1263 1897 1314 (C.
1919 1263 1947 1301 l.
1970 1262 2050 1301 L.1
2080 1276 2117 1314 p.
2140 1263 2239 1315 478)

449 1342 527 1368 non
574 1337 763 1370 memoret
808 1331 881 1369 nisi
921 1331 1018 1369 duos
1060 1330 1278 1383 triumphos
1314 1331 1569 1370 Delmaticum
1611 1332 1645 1371 d.
1676 1332 1771 1383 Aug.
1804 1331 1852 1370 13
1891 1337 1930 1370 et
1965 1331 2238 1383 Aegyptiacum

448 1399 483 1438 d.
506 1400 601 1450 Aug.
636 1401 696 1445 15,
738 1400 941 1438 Henzenus
984 1400 1119 1438 statuit
1154 1400 1327 1450 Augusto
1366 1400 1571 1452 placuisse,
1618 1407 1660 1440 ut
1699 1401 1800 1452 apud
1838 1400 1992 1439 Actium
2037 1413 2116 1439 non
2162 1406 2240 1440 tam

446 1468 652 1507 Antoniani
694 1468 780 1507 victi
821 1481 905 1507 esse
946 1468 1167 1507 viderentur
1204 1482 1319 1519 quam
1358 1469 1555 1521 Cleopatra
1595 1468 1726 1520 regina
1756 1469 1927 1522 Aegypti,
1965 1475 2003 1508 et
2037 1474 2241 1521 propterea

448 1536 689 1589 triumphum
721 1537 918 1576 Actiacum
950 1537 1001 1576 ita
1033 1536 1279 1576 coniunxisse
1311 1551 1399 1577 cum
1430 1538 1672 1590 Aegyptiaco,
1710 1544 1754 1577 ut
1783 1551 1853 1589 pro
1884 1551 1962 1577 uno
1993 1538 2238 1577 haberentur.

450 1606 555 1652 Quae
585 1605 851 1657 interpretatio
882 1606 970 1645 licet
999 1620 1067 1657 per
1098 1619 1138 1644 se
1169 1606 1378 1657 probabilis
1410 1606 1461 1645 sit
1491 1606 1662 1657 mihique
1693 1606 1783 1645 olim
1817 1607 1976 1658 probata
2008 1613 2046 1646 et
2075 1620 2120 1645 eo
2142 1620 2240 1658 quo-

445 1687 519 1725 que
556 1675 775 1721 adiuvetur,
817 1675 919 1725 quod
957 1681 1045 1725 post
1080 1675 1272 1714 Actiacam
1314 1674 1509 1713 victoriam
1549 1687 1673 1725 neque
1707 1680 1835 1712 tamen
1867 1681 1975 1726 capta
2005 1675 2240 1714 Alexandrea

448 1744 585 1782 Caesar
616 1743 827 1795 imperator
858 1743 1037 1795 appellari
1068 1744 1189 1783 voluit
1222 1749 1272 1792 (v.
1295 1744 1338 1782 ad
1375 1745 1408 1789 1,
1433 1743 1514 1795 22),
1546 1756 1587 1782 re
1618 1743 1744 1781 denuo
1776 1743 2015 1782 considerata
2046 1756 2125 1782 non
2147 1743 2240 1783 satis

444 1811 546 1850 facit.
606 1812 702 1850 Nam
740 1812 909 1864 primum
948 1819 1104 1851 senatus
1136 1812 1349 1851 decrevisse
1382 1812 1544 1851 traditur
1575 1819 1663 1863 post
1694 1812 1935 1864 triumphum
1968 1812 2016 1851 oh
2046 1813 2238 1852 Actiacam

445 1880 643 1919 victoriam
667 1881 864 1919 decretum
888 1887 1062 1932 tempore
1083 1880 1284 1919 interiecto
1307 1881 1470 1920 alterum
1495 1881 1540 1919 de
1562 1881 1755 1933 Aegyptiis
1774 1881 1860 1932 (Dio
1883 1882 1947 1927 51,
1975 1881 2056 1932 19).
2097 1881 2242 1921 Deinde

444 1948 483 1986 in
523 1948 660 1987 tabulis
692 1948 976 1987 Barberinianis
1007 1955 1089 1988 erat
1120 1950 1368 1988 scribendum
1406 1953 1494 2001 imp.
1527 1950 1668 1990 Caesar
1703 1962 1752 1988 esc
1782 1950 1967 2001 A[e9y]pt0
1997 1963 2075 1988 xlx,
2095 1963 2183 1988 ,xllx
2206 1950 2241 1989 k.

445 2016 555 2067 Sept,
594 2029 672 2055 non
713 2030 807 2057 xllx.
842 2018 876 2055 Is.
907 2017 1018 2069 Sept,
1065 2020 1294 2069 triumpavit.
1369 2018 1491 2057 Etiam
1540 2019 1658 2071 magis
1707 2019 1863 2058 obstant
1906 2017 1995 2057 fasti
2041 2017 2241 2065 Antiatini,

446 2098 534 2123 cum
572 2085 617 2124 ad
648 2098 710 2124 xlx
740 2086 776 2124 k.
801 2086 905 2137 Sept.
945 2086 1187 2126 adscribunt:
1228 2087 1382 2137 Auqnsc.
1414 2091 1579 2139 triump„
1620 2101 1708 2127 nam
1748 2086 1937 2138 triumphi
1975 2098 2044 2138 per
2076 2085 2239 2125 biduum

443 2153 518 2191 acti
557 2154 788 2205 praecipuus
826 2154 907 2192 dies
945 2168 1022 2193 non
1053 2155 1159 2206 prior
1190 2162 1268 2198 est.
1311 2156 1376 2194 sed
1408 2156 1611 2207 posterior.
1672 2156 1838 2195 Obstant
1870 2154 2034 2206 denique
2065 2160 2241 2194 auctores

444 2234 577 2260 omnes
620 2222 785 2273 Augusti
828 2223 1045 2274 triumphos
1090 2231 1341 2262 numerantes
1382 2236 1461 2262 non
1509 2225 1623 2271 duos,
1670 2225 1736 2264 sed
1782 2230 1878 2271 tres,
1930 2222 2075 2262 scilicet
2111 2223 2241 2274 ipsum

445 2296 601 2329 senatus
640 2291 861 2329 consultum
902 2304 933 2329 a.
964 2292 1044 2330 746
1076 2292 1193 2343 (apud
1232 2291 1397 2331 Macrob.
1429 2299 1498 2331 sat.
1532 2294 1570 2339 l.
1614 2293 1683 2339 12,
1727 2292 1817 2341 35):
1864 2305 1948 2331 cum
1977 2295 2066 2343 imp.
2102 2291 2242 2332 Caesar

446 2358 633 2410 Augustus
670 2371 793 2397 mense
831 2359 968 2398 Seoetili
1001 2361 1208 2411 triumphos
1248 2368 1322 2399 tres
1361 2363 1400 2399 in
1436 2361 1568 2400 urbem
1597 2361 1786 2408 intulerim
1824 2367 2022 2412 praeterea
2053 2359 2242 2411 Vergilius

447 2427 539 2466 Aen.
564 2426 600 2473 8,
625 2428 727 2465 714:
764 2427 903 2466 Caesar
932 2429 1070 2479 triplici
1098 2431 1264 2467 invectus
1296 2428 1467 2467 Romana
1499 2430 1685 2480 triumpho
1706 2432 1875 2476 moeni'a3
1906 2428 2036 2467 Livius
2058 2441 2116 2480 ep.
2142 2427 2240 2467 133:

443 2502 519 2534 tres
548 2496 757 2546 triumphos
787 2499 874 2547 egit.
912 2510 1033 2535 ‘zatum
1062 2510 1110 2536 θα]
1140 2497 1312 2547 Illyrico,
1354 2498 1515 2536 alterum
1545 2510 1593 2536 esc
1623 2498 1772 2537 Actiaca
1805 2499 1978 2545 victoria,
2017 2499 2168 2537 tertium
2199 2497 2242 2536 de

448 2563 664 2615 Cleopatra3
704 2565 914 2603 Suetonius
950 2566 975 2603 l.
1006 2578 1055 2604 c.:
1110 2566 1260 2604 curules
1300 2567 1504 2617 triumphos
1547 2569 1614 2605 tris
1659 2568 1729 2617 eyit
1767 2565 2014 2606 Delmaticum
2052 2566 2242 2605 Actiacum

443 2632 765 2680 Aleoeamlrimmi,
805 2637 978 2673 continuo
1019 2635 1145 2674 triduo
1177 2647 1321 2682 onmes,
1353 2635 1420 2673 Dio
1453 2636 1517 2681 51,
1550 2634 1623 2681 21;
1655 2634 1816 2673 Orosius
1848 2635 1884 2681 6,
1913 2634 1978 2681 20,
2012 2635 2052 2681 1;
2084 2633 2241 2673 Servius

443 2701 489 2739 ad
520 2701 728 2751 Vergilium
760 2702 785 2740 l.
817 2715 868 2748 c.;
899 2703 1059 2742 Albinus
1091 2709 1202 2755 pocta
1233 2703 1367 2742 aetatis
1398 2703 1567 2742 incertae
1597 2704 1697 2755 apud
1719 2703 1960 2742 Priscianum
1984 2703 2021 2750 7,
2043 2702 2109 2741 22.
2159 2702 2240 2741 Iam
2403 2756 2406 2759 Ι

444 2767 478 2805 id
512 2768 639 2819 ipsum
672 2772 874 2809 confirmat
905 2771 986 2822 ipse
1016 2771 1233 2822 Augustus,
1273 2779 1478 2823 postquam
1512 2771 1685 2810 vocabuli
1719 2768 1804 2823 τρίς
1836 2773 1975 2811 ductus
2005 2771 2094 2810 licet.
2123 2769 2240 2810 oblit-
2425 2800 2428 2825 ι

445 2836 554 2875 terati
593 2839 673 2876 fere
710 2837 749 2876 iu
790 2851 983 2877 marmore
1019 2847 1290 2892 apparuerunt.
1351 2840 1483 2890 Itaque
1521 2840 1670 2878 tabulae
1712 2840 2005 2880 Barberinianae
2035 2840 2240 2892 neglegen-
2419 2827 2422 2835 ¹

449 2904 623 2944 tissimus
656 2906 820 2958 scriptor
851 2908 923 2946 hoc
952 2908 1036 2947 loco
1073 2922 1119 2947 ex
1152 2909 1274 2949 tribus
1306 2909 1496 2961 capitibus
1528 2909 1724 2948 continuis
1754 2909 2031 2961 incipientibus
2062 2922 2083 2948 a
2113 2908 2238 2948 verbis

444 2976 529 3026 imp.
554 2973 693 3014 Caesar
723 2975 895 3015 medium
927 2976 1067 3016 omisit.
