2430 3394
568 129 648 170 126
1351 126 1395 169 V,
1421 127 1560 162 40-43

564 246 667 295 (Ant.
691 246 758 293 46)
798 245 836 284 111
876 245 1000 285 reditu
1032 246 1242 285 Antonium
1290 250 1484 283 servatum
1523 257 1607 283 esse
1643 243 1833 283 Monaesis
1878 244 2061 285 beneficio
2107 244 2270 296 gratiam
2315 245 2350 284 ei
2400 224 2425 294 3⁸.

563 313 777 353 referentis.
814 337 869 342 -—
905 314 1059 353 Diverse
1091 313 1312 353 Chishullus
1350 312 1563 363 reliquique
1600 312 1830 363 interpretes
1868 312 2085 363 cogitarunt
2121 314 2166 353 de
2197 312 2350 352 duobus

563 382 794 421 exercitibus
825 383 982 421 Antonii
1022 382 1130 420 victis
1161 394 1193 419 a.
1218 380 1297 419 718
1329 381 1491 419 alterum
1531 381 1626 419 duce
1658 380 1780 432 Oppio
1814 380 1985 419 Statiano
2021 381 2154 432 legato,
2187 381 2350 420 alterum
2398 378 2420 390 ’”

564 451 646 502 ipso
677 450 843 490 Antonio
875 451 1159 500 (cf.Druma1111
1184 451 1218 495 1,
1243 450 1353 494 454).
1413 450 1461 487 At
1497 448 1650 500 proprie
1682 449 1812 500 copiae
1851 448 1991 499 quibus
2022 449 2210 488 Antonius
2241 460 2352 500 prae-

564 520 637 558 fuit
668 519 705 557 111
737 519 835 558 bello
866 519 1001 557 (1.718
1034 531 1110 556 non
1142 524 1234 556 sunt
1263 517 1338 555 nisi
1369 517 1560 556 exercitus
1599 530 1700 556 unus
1740 529 1811 555 nec
1851 516 2079 555 crediderim
2120 523 2202 556 tum
2246 516 2354 566 signa
2412 527 2418 546 ³

564 587 704 626 amissa
736 600 818 626 esse
851 588 925 626 11113
956 586 1029 633 nisi
1061 599 1149 625 cum
1183 585 1355 625 Statiano
1387 586 1521 636 legato.
1572 584 1668 623 Nam
1699 584 1782 635 ipse
1802 584 1994 624 Antonius
2024 584 2176 623 rediens
2210 585 2353 624 multos
2407 587 2413 595 '⁴

564 656 742 695 homines
773 655 913 701 amisit,
945 655 1051 705 signa
1083 654 1117 692 ei
1147 655 1279 693 hostes
1311 654 1413 692 nulla
1444 653 1622 693 videntur
1643 652 1859 692 abstulisse.
1891 676 1945 680 -
1975 652 2133 704 Recepit
2155 658 2232 692 tam
2253 653 2354 692 cives

566 725 734 776 captivos
766 737 881 774 quam
914 723 1021 774 signa
1053 722 1232 761 militaria
1262 723 1458 773 Augustus
1496 736 1516 761 a
1547 734 1634 773 rege
1665 722 1829 760 Phraate
1859 734 1892 760 a.
1916 721 1996 760 734
2028 720 2067 760 in
2099 721 2205 773 Syria
2235 733 2352 772 agens
2411 739 2421 757 2„

565 793 650 843 (Dio
673 794 736 839 54,
761 792 784 830 S
807 794 895 837 cet.)
926 792 984 830 vel
1015 791 1143 843 potius
1174 791 1283 830 iussu
1315 790 1396 829 eius
1419 791 1474 829 Ti.
1498 790 1597 829 Nero
1629 790 1753 841 (Suet.
1777 790 1860 828 Tib.
1884 789 1939 840 9).
1989 789 2042 829 Eo
2064 795 2240 841 tempore
2260 789 2356 829 Par-
2407 815 2425 823 .-

566 862 652 900 thos
683 861 797 899 etiam
829 860 1036 899 amicitiam
1069 859 1203 912 populi
1232 858 1397 897 Romani
1427 858 1618 909 supplices
1657 857 1814 909 petiisse
1850 863 2002 909 praeter
2032 858 2356 898 commentarium

564 929 734 969 indicant
764 929 916 967 nummi
947 929 1131 981 plerique,
1164 929 1203 967 in
1235 927 1375 978 quibus
1397 926 1564 965 Parthus
1596 939 1696 976 genu
1728 928 1849 965 flexus
1881 925 2033 976 signum
2060 925 2224 965 militare
2246 926 2358 966 offert
2400 951 2403 954 <

565 998 723 1049 (Eekhel
747 998 783 1044 6,
807 999 900 1046 95),
931 997 1095 1049 denique
1127 997 1308 1036 Horatius
1340 1009 1398 1047 ep.
1425 997 1459 1042 1,
1485 995 1547 1042 12,
1572 995 1642 1034 27;
1673 998 1731 1034 ius
1760 997 2029 1046 imperiumque
2059 993 2239 1034 Phraates
2263 994 2359 1034 Cae-
2411 991 2427 1016 '²'

565 1069 662 1105 saris
693 1068 830 1117 accepit
856 1066 1011 1117 genibus
1041 1068 1166 1104 mirwr
1205 1072 1243 1104 et
1275 1063 1436 1104 Orosius
1467 1063 1504 1110 6,
1536 1063 1601 1109 21,
1634 1062 1705 1101 29:
1752 1063 1912 1102 Parthi.
1939 1093 1946 1100 .
1971 1092 1979 1101 .
2002 1061 2103 1102 ultro
2132 1065 2237 1114 siqua
2266 1076 2359 1115 quae
2406 1069 2425 1117 ,f

567 1134 700 1174 Crasso
731 1136 926 1186 interfecto
958 1134 1191 1174 abstulerant
1220 1134 1268 1173 ad
1302 1133 1496 1172 Caesarem
1527 1135 1751 1171 remiserunt
1785 1134 1966 1183 regiisque
1997 1131 2183 1171 obsidibus
2214 1132 2359 1172 traditis
2408 1143 2418 1172 ’.

568 1205 628 1249 (cf.
653 1203 699 1242 ad
721 1203 758 1249 6,
782 1203 824 1253 3)
854 1204 1009 1255 firucum
1045 1203 1179 1255 foedus
1209 1203 1313 1254 fideli
1346 1201 1614 1252 supplicatione
1644 1207 1878 1240 meruerunt.
1909 1223 1962 1227 -—
1990 1200 2033 1238 In
2064 1200 2181 1239 lorica
2212 1205 2360 1240 statuae
2400 1203 2406 1226 ³'

566 1271 848 1323 pulcherrimae
869 1271 1044 1323 Augusti,
1073 1284 1171 1322 quae
1198 1283 1300 1310 anno
1326 1270 1431 1309 1863
1454 1270 1498 1308 3(1
1521 1269 1685 1308 Romam
1709 1275 1859 1321 reperta
1882 1274 1951 1315 est,
1975 1268 2169 1308 dedicatae
2190 1275 2233 1308 ut
2253 1269 2360 1308 vide·
2400 1263 2404 1266 ’

569 1348 631 1380 tur
651 1354 683 1380 a.
706 1354 743 1379 u.
766 1354 797 1380 c.
823 1342 898 1379 741
928 1341 1113 1391 (Koehler
1143 1353 1232 1379 ann.
1255 1340 1346 1378 inst.
1377 1339 1479 1378 arch.
1508 1338 1612 1378 1863
1645 1351 1681 1390 p.
1712 1339 1793 1377 440
1811 1337 1899 1389 sq),
1931 1338 2072 1376 caelata
2095 1344 2187 1377 sunt
2208 1337 2318 1389 signa
2339 1351 2361 1378 a
2413 1389 2416 1396 Ι

566 1410 720 1449 Parthis
744 1415 987 1461 recuperata,
1016 1422 1105 1448 nam
1130 1421 1265 1461 parum
1289 1407 1539 1459 probabiliter
1560 1406 1746 1458 Bergkius
1768 1420 1804 1459 p.
1826 1406 1903 1446 106
1924 1406 2078 1445 Parthis
2098 1405 2152 1445 ibi
2173 1406 2362 1458 Hispanos

568 1479 783 1518 substituit.
815 1502 865 1505 —
900 1478 953 1517 De
984 1478 1129 1530 duplici
1159 1478 1250 1517 aede
1280 1477 1412 1516 Martis
1444 1475 1600 1523 Ultoris,
1639 1475 1757 1514 altera
1787 1475 1937 1514 minore
1967 1475 2006 1513 in
2039 1474 2223 1526 Capitolio
2254 1474 2361 1514 dedi·-

570 1554 651 1587 cata
683 1561 715 1586 a.
740 1547 832 1594 734,
864 1547 980 1586 altera
1013 1546 1157 1586 maiore
1187 1546 1227 1585 in
1256 1547 1340 1585 foro
1361 1545 1534 1596 Augusto
1567 1545 1738 1583 dedicata
1769 1557 1801 1583 a.
1826 1543 1905 1582 752
1937 1543 2233 1595 duplicibusque
2262 1542 2362 1583 ludis
2399 1547 2423 1599 [⁴

570 1616 809 1656 Martialibus
842 1616 976 1656 diebus
1008 1615 1092 1654 Mai.
1119 1615 1168 1653 12
1192 1621 1230 1654 31
1249 1615 1344 1665 Aug.
1370 1616 1388 1652 1
1414 1614 1491 1653 dixi
1518 1613 1557 1652 in
1581 1613 1619 1652 C.
1642 1614 1670 1652 Ι.
1693 1613 1734 1651 L.
1757 1613 1830 1652 vol.
1857 1614 1875 1650 1
1900 1626 1935 1664 p.
1961 1611 2040 1651 393
2062 1611 2191 1663 ibique
2212 1611 2363 1651 ostendi
2403 1642 2410 1658 .,

570 1687 672 1725 1113111
705 1686 837 1725 33113111
870 1685 1056 1736 illumque
1087 1684 1186 1723 diem
1219 1683 1374 1736 proprie
1405 1682 1598 1734 pertinere
1629 1682 1676 1721 ad
1706 1681 1813 1733 signa
1844 1694 1865 1720 a
1885 1681 2038 1720 Parthis
2065 1686 2230 1733 recepta,
2263 1681 2362 1720 hanc
2409 1693 2428 1727 f:

570 1756 701 1794 aedem
735 1761 772 1793 et
803 1755 909 1793 hunc
939 1754 1040 1793 diem
1072 1753 1226 1805 proprie
1256 1753 1302 1792 ad
1327 1752 1526 1791 victoriam
1548 1751 1851 1803 Philippensem.
1900 1750 2016 1801 Signa
2047 1762 2089 1789 ea
2120 1749 2293 1802 primum
2322 1749 2362 1789 in
2404 1746 2426 1792 ’,ἑ

572 1822 757 1874 Capitolio
789 1823 970 1861 collocata
1009 1828 1101 1861 sunt
1131 1821 1392 1872 translataque
1427 1820 1467 1859 in
1498 1820 1630 1859 aedem
1662 1820 1848 1859 maiorem
1880 1824 2088 1870 postquam
2119 1831 2163 1857 ea
2193 1818 2363 1858 dedicata

571 1898 641 1939 est,
674 1898 718 1930 ut
748 1892 847 1930 hanc
878 1891 1036 1930 omnino
1068 1892 1140 1930 hoc
1170 1891 1253 1929 loco
1276 1890 1474 1940 Augustus
1498 1888 1706 1939 signiticet3
1738 1887 1995 1939 convenitque
2016 1887 2120 1938 quod
2140 1887 2242 1926 inter
2261 1887 2363 1938 leges

571 1960 654 1999 aedi
690 1960 723 1999 ei
762 1960 867 1999 datas
904 1962 1071 1998 refertur
1111 1957 1164 1998 ἄν
1201 1973 1309 1998 ποτε
1346 1963 1504 2010 σημεῖα
1536 1955 1824 2009 στρατιωτικὰ
1854 1955 1896 2003 ἐς
1927 1953 2163 2008 πολεμίους
2201 1952 2365 1995 (ἑλόντα
2401 1961 2430 1989 ⁵⁴0

573 2026 867 2085 ἇνακομισθῇ,
891 2027 934 2076 ἐς
954 2024 1030 2068 τόν
1052 2026 1156 2068 ναὸν
1178 2025 1287 2067 αὐτὰ
1307 2020 1523 2065 τίθεσθαι
1546 2025 1632 2076 (Dio
1649 2026 1713 2073 55,
1735 2026 1816 2073 10).
1862 2025 2043 2064 Horatius
2062 2024 2364 2076 Propertiusque

572 2098 807 2137 carminibus
853 2110 922 2150 per
966 2099 1036 2137 hos
1082 2110 1202 2137 annos
1248 2095 1402 2146 scriptis
1449 2094 1647 2146 signorum
1700 2094 1856 2145 quidem
1908 2093 2179 2132 restitutorum
2226 2091 2364 2132 memi-

572 2173 716 2206 nerunt
746 2167 894 2217 (Horat.
925 2179 1043 2206 earm.
1074 2168 1111 2213 4,
1140 2167 1176 2213 5,
1208 2165 1277 2211 16;
1315 2177 1373 2215 ep.
1409 2165 1442 2210 1,
1476 2163 1537 2209 18,
1568 2163 1638 2211 56;
1674 2163 1850 2214 Propert.
1880 2162 1917 2209 3,
1951 2162 2014 2209 10,
2046 2161 2108 2200 13.
2141 2162 2179 2209 4,
2202 2162 2240 2208 4,
2265 2161 2289 2201 6
2308 2174 2363 2213 sq.
2403 2156 2410 2198 ζ

573 2237 610 2283 4,
636 2237 672 2282 5,
696 2236 771 2283 483
804 2237 840 2278 4,
867 2235 929 2282 12,
953 2235 990 2274 3.
1024 2237 1059 2280 5,
1083 2235 1120 2281 6,
1145 2235 1212 2283 79)
1247 2246 1365 2284 eaque
1397 2245 1475 2271 non
1507 2232 1670 2271 obscure
1700 2231 1872 2270 indicant
1901 2237 1985 2270 tum
2007 2230 2160 2269 stetisse
2190 2230 2231 2269 in
2252 2229 2364 2282 Capi-
2414 2231 2423 2244 ⁶

576 2306 665 2345 tolio
699 2305 845 2351 (Horat.
869 2317 986 2343 carm.
1010 2305 1046 2351 4,
1074 2305 1136 2351 15,
1161 2304 1205 2342 6;
1246 2305 1352 2353 siqua
1382 2309 1507 2340 nostro
1537 2303 1697 2340 restituit
1729 2300 1826 2347 Iovi,·
1861 2300 2036 2351 Propert.
2059 2311 2176 2338 carm.
2199 2299 2237 2346 4,
2261 2299 2298 2346 4,
2321 2298 2363 2338 6:
2400 2291 2415 2355 ζ’

574 2375 789 2413 adsuescent
820 2373 922 2412 Latio
954 2372 1094 2411 Partha
1123 2379 1276 2423 tropaea
1308 2370 1426 2418 Iovi);
1465 2376 1503 2408 at
1540 2382 1655 2420 quam
1695 2375 1831 2408 neuter
1867 2380 2002 2407 eorum
2033 2369 2241 2419 perfectam
2273 2366 2366 2406 vidit
2408 2416 2410 2419 Υ

574 2442 708 2482 Martis
744 2442 875 2481 aedem
915 2453 1106 2491 nusquam
1148 2445 1385 2483 memorant,
1425 2451 1473 2477 ne
1511 2438 1557 2477 ab
1590 2437 1725 2477 Ovidio
1763 2437 1920 2488 quidem
1963 2436 2191 2475 celebratam
2220 2435 2296 2474 nisi
2325 2434 2363 2474 111

575 2512 683 2551 fastis
715 2511 769 2561 (5,
793 2511 873 2549 549
892 2523 948 2560 sq.
981 2511 1028 2548 cf.
1052 2510 1089 2552 6,
1112 2509 1210 2559 459)
1242 2514 1280 2547 31
1309 2508 1348 2546 111
1382 2507 1552 2546 tristium
1582 2506 1690 2545 libris
1723 2505 1776 2555 12,
1806 2506 1916 2557 295).
1976 2504 2033 2543 Ibi
2064 2504 2205 2544 dicitur
2234 2503 2366 2543 Martis

577 2582 627 2620 be's
657 2580 749 2626 ulli,
797 2579 943 2618 scilicet
978 2578 1044 2629 qui
1082 2578 1185 2616 ultus
1225 2583 1327 2615 esset
1367 2576 1535 2627 primum
1577 2576 1731 2614 caedem
1763 2574 1936 2614 Caesaris
1967 2573 2184 2620 dictatoris,
2231 2571 2365 2612 deinde

577 2657 742 2701 stragem
776 2648 1029 2687 Crassianam.
1099 2645 1258 2685 Nummi
1298 2645 1429 2684 aedem
1462 2644 1592 2683 Martis
1624 2644 1766 2683 Ultoris
1803 2643 2028 2682 exhibentes
2065 2654 2154 2681 cum
2185 2654 2231 2680 ex
2260 2645 2393 2692 parte,

577 2726 679 2758 certe
710 2718 791 2757 cusi
824 2717 902 2756 sint
932 2730 964 2755 a.
989 2714 1111 2754 7356
1134 2714 1293 2765 (Eckhel
1317 2714 1353 2760 6,
1380 2714 1477 2757 10ος
1510 2712 1640 2751 Cohen
1662 2714 1756 2763 Aug.
1779 2725 1817 2750 n.
1841 2711 1951 2759 202),
1984 2715 2274 2762 repraesentant
2302 2712 2365 2748 aut
2417 2737 2420 2741 ⁴

577 2789 708 2828 aedem
742 2786 993 2838 Capitolinam
1026 2791 1093 2823 aut
1123 2784 1225 2835 quod
1257 2782 1487 2833 Borghesius
1520 2785 1623 2833 (opp.
1648 2781 1684 2828 2,
1709 2781 1804 2827 379)
1838 2780 2013 2832 probavit
2047 2785 2085 2819 et
2115 2791 2184 2830 ego
2215 2787 2364 2830 quoque

577 2855 840 2909 praetulerim,
873 2853 1005 2892 aedem
1039 2853 1222 2891 maiorem
1253 2858 1459 2902 antequam
1492 2851 1754 2901 perficeretur.

711 2922 827 2962 Tituli
866 2934 1002 2967 arcus,
1048 2933 1163 2971 quem
1203 2920 1316 2958 modo
1356 2919 1521 2957 vidimus
1559 2925 1716 2970 propter
1752 2918 1860 2968 signa
1902 2922 2053 2968 recepta
2090 2916 2263 2967 Augusto
2299 2913 2365 2953 de-

580 2993 748 3032 dicatum
786 3003 868 3029 esse
904 2990 943 3028 in
982 2991 1064 3027 foro
1101 2989 1295 3033 Romano,
1337 2987 1556 3039 quaesitum
1595 2993 1653 3025 est
1701 2999 1797 3025 num
1842 2985 2024 3036 reliquiae
2061 2983 2186 3023 adhuc
2225 2984 2363 3021 extent.

583 3064 736 3100 inventa
767 3059 869 3098 enim
902 3058 941 3097 in
973 3060 1056 3097 foro
1088 3064 1180 3096 sunt
1210 3059 1423 3108 fragmenta
1460 3055 1660 3107 quaedam,
1700 3067 1797 3106 quae
1826 3065 1914 3093 cum
1946 3057 2103 3105 propter
2133 3053 2297 3090 formam
2325 3047 2364 3086 in
