2430 3394
448 124 528 164 150
1226 121 1286 163 ri,
1317 122 1454 155 123—23

445 247 573 278 menta
620 240 713 278 haec
757 241 896 279 domus
934 240 1148 290 Augustae,
1196 252 1292 289 quac
1339 239 1517 290 deinceps
1555 245 1737 291 perpetua
1775 250 2001 282 manserunt
2041 249 2236 295 tamquam

444 308 577 347 Palatii
608 308 784 358 insignia,
817 307 958 359 passim
992 306 1262 357 meinol·ant¹).
1319 307 1374 345 Ad
1398 319 1578 346 coronam
1602 321 1714 359 super
1733 311 1900 357 amttam,
1932 308 2130 364 ὑπεράνω
2162 310 2240 351 τοῦ

444 376 644 423 πυλῶνος
675 378 801 423 lixam,
835 383 877 415 ut
908 376 960 415 ait
990 375 1167 426 princeps
1198 374 1292 425 ipse,
1325 375 1624 426 collocatamque
1655 376 1707 415 ita
1728 376 1767 415 in
1790 378 1928 417 domus
1950 380 2100 431 fastigio
2124 381 2239 428 (Sue-

446 445 573 484 tonius
605 446 734 485 Claud.
770 446 844 492 17,
890 446 1032 484 Seneca
1070 443 1115 481 de
1152 443 1262 481 clem.
1304 444 1338 489 1,
1363 443 1428 489 26,
1453 445 1492 493 5)
1535 445 1750 484 rettulerim
1788 446 1955 497 aquilam
1997 448 2036 487 in
2076 461 2238 488 nummo

444 528 476 553 a.
500 514 578 553 727
611 514 646 552 ei
677 527 839 553 coronae
870 513 1126 551 insistentem.
1168 511 1265 550 Nam
1297 511 1492 563 fastigium
1528 512 1605 551 sive
1636 520 1798 561 aemma,
1830 528 1906 566 quo
1937 516 2049 555 aedes
2079 517 2237 556 deorum

443 596 464 622 a
494 583 652 635 privatis
683 581 1029 633 distinguebantur,
1062 587 1105 619 ut
1126 580 1276 619 Caesari
1314 581 1377 631 (cl'.
1410 581 1610 620 Drumann
1642 582 1678 629 3,
1702 582 1782 621 666
1813 596 1851 621 n.
1885 583 1966 632 33),
1998 584 2050 623 ita
2080 586 2239 625 omnino

443 652 617 702 Augusto
649 663 802 702 quoque
833 643 1030 688 decretum
1062 654 1119 687 est
1150 655 1187 688 et
1218 651 1381 688 fortasse
1415 649 1531 689 simul
1559 663 1647 689 cum
1678 663 1830 698 corona,
1863 653 2065 704 potuitque
2092 660 2239 693 aetoma

444 720 484 758 in
514 732 677 759 nummo
708 725 810 758 recte
841 717 1121 769 repraesentari
1151 730 1219 769 per
1249 718 1429 769 aquilam.
1480 717 1778 770 Inscriptionem
1810 726 1939 758 autem
1971 721 2013 760 ob
2046 723 2133 760 civis
2160 734 2241 761 ser-

445 796 549 828 vatos
593 801 679 827 vere
724 788 861 826 lectam
907 798 991 824 esse
1035 786 1140 824 iuxta
1178 786 1236 825 vel
1276 786 1406 838 potius
1443 787 1543 826 intra
1584 800 1763 826 coronam
1803 794 1919 828 testes
1960 795 2052 828 sunt
2091 796 2242 842 praeter

445 870 628 896 nummos
653 855 811 895 Ovidius
843 854 942 894 trist.
975 854 1011 901 3,
1038 856 1071 901 1,
1095 855 1166 893 47:
1200 868 1311 894 caasa
1341 859 1593 907 superpositae
1615 860 1749 908 scripto
1771 864 1902 897 testata
1923 857 1995 908 (sic
2017 858 2240 907 deteriores,

444 932 598 964 testante
628 923 714 962 libri
746 923 853 974 boni)
881 934 1037 962 coronae
1059 931 1225 963 servatos
1247 927 1342 963 cives
1362 926 1505 964 indicat
1525 925 1635 964 liuius
1657 938 1722 977 ope
1744 932 1781 964 et
1802 926 1971 966 Valerius
1994 926 2181 967 Maximus
2203 927 2240 975 2,

446 993 482 1039 S,
508 995 550 1031 7:
585 993 632 1031 ad
662 1004 836 1044 quercum
864 1004 1012 1043 pronae
1042 1005 1178 1031 naamis
1203 996 1466 1044 porm‘qmzcar,
1500 994 1565 1033 ¹aba·
1593 995 1635 1033 ob
1658 997 1750 1034 cives
1770 1002 1934 1034 servatos
1957 1007 2093 1035 corona
2115 997 2242 1036 danda

445 1070 506 1107 est,
539 1075 613 1114 qua
638 1068 760 1113 postes
790 1061 976 1113 Augustae
1008 1061 1138 1099 (Ionias
1159 1064 1383 1113 sempiterna
1403 1063 1522 1114 gloria
1547 1063 1791 1114 triumphant.
1814 1086 1868 1090 —
1890 1064 2024 1103 Lauris
2046 1065 2242 1116 quomodo

447 1131 586 1169 domus
608 1136 741 1169 ornata
763 1129 824 1176 sit,
857 1128 1067 1180 quaeritur,
1095 1129 1239 1169 scilicet
1261 1137 1393 1169 utrum
1417 1131 1569 1170 corollis
1591 1131 1729 1171 laureis
1752 1138 1884 1183 postes
1907 1134 2079 1172 exornati
2098 1133 2245 1173 fuerint

445 1212 492 1239 an
523 1199 677 1238 arbores
711 1199 807 1237 duae
839 1198 884 1237 ad
907 1198 1003 1237 duos
1026 1204 1156 1250 postes
1185 1199 1380 1247 steterint3
1412 1199 1450 1239 id
1472 1201 1573 1251 quod
1597 1200 1711 1240 etiam
1734 1201 1910 1253 pervenit
1930 1202 1976 1240 ad
1998 1202 2113 1241 verba
2134 1215 2243 1242 com-

444 1267 622 1307 mentarii
643 1267 876 1319 explicanda.
908 1266 1003 1305 Nam
1027 1268 1235 1318 quaeritur,
1266 1269 1369 1320 quod
1390 1269 1620 1308 vocabulum
1643 1270 1687 1308 ad
1707 1277 1830 1321 postes
1851 1270 2087 1323 adscriptum
2109 1273 2245 1319 fuerit3

445 1338 560 1377 velati
586 1336 760 1388 priorum
793 1336 852 1374 vel
885 1336 1050 1374 umbrati
1069 1336 1274 1376 Cavedonii
1305 1351 1540 1389 quamquam
1574 1338 1634 1376 rix
1667 1339 1733 1378 ulli
1755 1339 1829 1377 iam
1854 1339 2133 1391 probabuntur,
2166 1347 2243 1379 tam

444 1407 592 1456 abacta]
635 1405 737 1456 quod
778 1418 846 1456 ego
885 1404 1087 1456 proposui,
1131 1418 1246 1456 quam
1288 1407 1448 1456 v[est2'te],
1487 1407 1589 1457 quod
1623 1407 1785 1458 Bergkio
1816 1407 1980 1458 placuit,
2019 1408 2065 1447 ab
2097 1409 2246 1460 egregia

444 1474 608 1526 Augusti
646 1473 890 1525 simplicitate
921 1474 1161 1524 aliquantum
1194 1474 1392 1521 abhorret,
1430 1475 1555 1527 aptius
1589 1482 1717 1514 tamen
1749 1477 1851 1527 quod
1883 1482 1986 1515 esset
2016 1477 2244 1516 vocabulum

446 1546 587 1582 frustra
618 1542 799 1594 quaesivi.
860 1541 1004 1581 Deinde
1040 1542 1123 1581 iure
1155 1543 1322 1581 dubitari
1360 1549 1505 1594 potest,
1548 1550 1679 1583 utrum
1722 1545 1860 1583 laureis
1896 1557 1914 1583 a
1952 1545 2081 1584 laurea
2118 1545 2168 1584 sit
2198 1557 2245 1584 an

445 1625 464 1651 a
496 1612 628 1659 lam‘o,
667 1611 849 1663 quoniam
880 1611 1078 1662 Augustus
1110 1624 1195 1650 raro
1227 1611 1400 1662 quidem,
1445 1613 1510 1651 sed
1549 1619 1677 1652 tamen
1709 1612 1912 1663 aliquoties
1942 1612 2151 1652 ablativum
2184 1625 2246 1652 se-

445 1681 591 1720 cundae
633 1682 670 1720 in
713 1684 763 1720 eis
799 1680 989 1719 formavit.
1050 1680 1097 1719 Et
1136 1687 1263 1731 potest
1301 1681 1456 1732 quidem
1496 1681 1615 1720 videri
1645 1680 1765 1732 priori
1797 1681 1967 1732 opinioni
1999 1681 2244 1733 patrocinari,

445 1750 547 1801 quod
580 1750 736 1800 antiqua
767 1748 1048 1788 consuetudine
1080 1748 1245 1787 Romani
1276 1749 1382 1787 festis
1414 1749 1548 1788 diebus
1579 1750 1733 1789 aedium
1766 1756 1896 1802 postes
1927 1751 2034 1789 lauro
2057 1750 2246 1790 ornabant

444 1820 675 1870 laurumque
713 1831 829 1870 super
869 1818 1023 1856 ianuam
1056 1817 1292 1856 collocabant
1323 1818 1527 1865 (Iuvenalis
1566 1818 1602 1864 6,
1627 1819 1699 1857 52:
1732 1826 1831 1858 necte
1862 1831 2040 1859 coronam
2064 1820 2245 1872 postibus.

446 1890 483 1935 6,
507 1889 577 1928 79:
610 1895 793 1927 ornentur
821 1894 940 1938 postes
971 1887 1299 1937 etyramle'ianua
1321 1887 1442 1926 lauro.
1494 1887 1556 1933 10,
1581 1887 1645 1926 65.
1682 1888 1742 1935 12,
1767 1888 1838 1936 913
1881 1888 2036 1927 Tacitus
2067 1901 2155 1927 ann.
2182 1889 2246 1935 15,

447 1958 496 1996 71
530 1956 613 2007 al.);
654 1956 720 1995 sed
758 1955 860 1994 aliud
899 1961 958 1994 est
998 1955 1109 1994 aedes
1140 1957 1238 1994 festo
1270 1955 1329 1994 die
1361 1967 1518 2003 ornare,
1558 1956 1659 1995 aliud
1691 1957 1730 1995 in
1776 1964 2021 2009 perpetuum.
2087 1956 2247 1996 Nummi

447 2037 656 2077 numquam
708 2031 838 2076 postes
892 2023 1004 2063 sertis
1054 2031 1208 2063 ornatos
1253 2024 1482 2071 ostendunt,
1535 2025 1601 2064 sed
1645 2037 1774 2064 ramos
1821 2025 2024 2064 arboresve
2068 2025 2246 2078 pingunt,

447 2106 640 2145 nusquam
684 2099 813 2132 tamen
850 2092 986 2131 infixas
1027 2093 1179 2132 vasculo
1219 2093 1276 2132 vel
1321 2093 1422 2140 solo,
1461 2099 1505 2132 ut
1548 2093 1751 2133 videantur
1791 2094 1886 2133 duae
1916 2094 2072 2133 arbores
2105 2094 2246 2134 utrim—

448 2176 520 2214 que
553 2163 598 2202 ad
629 2163 785 2201 ianuam
817 2161 970 2201 stetisse
1001 2161 1143 2200 recisae
1175 2168 1213 2201 et
1243 2162 1406 2201 subinde
1437 2162 1656 2201 mutandae.
1709 2162 1832 2202 Etiam
1861 2163 1964 2214 quod
1986 2163 2245 2202 Tertullianus

448 2232 594 2283 apolog.
627 2231 678 2270 35
721 2231 766 2269 de
798 2230 998 2270 Commodi
1036 2243 1129 2270 nece
1168 2243 1283 2281 agens
1322 2231 1422 2269 intra
1453 2230 1643 2270 Palatium
1677 2232 1792 2270 occisi
1824 2232 1870 2271 de
1900 2232 1947 2271 iis
1977 2231 2150 2283 loquitur
2185 2234 2250 2284 qui

449 2304 543 2340 {nter
591 2301 685 2339 [luas
733 2299 866 2338 laurus
912 2299 1077 2338 obsident
1116 2298 1332 2345 Caesarem,
1377 2300 1566 2338 secundae
1613 2299 1825 2338 sententiae
1870 2299 2008 2338 melius
2054 2300 2245 2347 convenit,

447 2369 626 2420 idemque
657 2368 755 2407 valet
785 2367 830 2406 de
861 2374 1064 2419 poetarum
1099 2367 1222 2415 dictis,
1255 2374 1297 2406 ut
1320 2367 1445 2406 Ovidii
1466 2370 1552 2406 fast.
1583 2369 1619 2414 4,
1651 2368 1751 2406 953:
1785 2375 1874 2407 state
1897 2368 2089 2409 Palatinae
2110 2369 2247 2409 lauras

443 2444 713 2489 praeceoetaqae
744 2448 880 2488 querca
911 2444 978 2475 stet
1008 2437 1136 2475 <lomus
1167 2442 1204 2475 et
1236 2442 1391 2475 metam.
1419 2437 1452 2482 l,
1486 2436 1565 2475 562
1597 2437 1749 2475 laurum
1782 2437 2041 2488 adloquentis:
2078 2439 2246 2490 postibus

448 2507 622 2558 Augustis
652 2506 779 2545 eadem
809 2506 989 2557 fidissima
1021 2513 1141 2544 castos
1172 2514 1257 2545 (inte
1286 2507 1389 2557 fores
1419 2506 1532 2545 stabis
1561 2507 1796 2557 mediamque
1826 2507 1974 2546 tuebere
2005 2520 2180 2559 quercum
2208 2515 2246 2548 et

451 2575 615 2613 maxime
646 2573 745 2613 trist.
779 2573 815 2619 3,
848 2575 882 2619 1,
913 2573 983 2612 39:
1023 2587 1090 2613 car
1130 2582 1253 2613 tamen
1295 2578 1460 2625 opposita
1491 2575 1638 2614 velatur
1669 2577 1783 2614 ianua
1815 2574 1938 2620 lauro,
1971 2579 2078 2628 cz'nyit
2108 2577 2245 2628 (immo

450 2647 577 2695 iungit,
610 2649 653 2682 ut
682 2642 846 2681 coniecit
868 2642 1058 2694 Hauptius
1091 2656 1222 2695 opusc.
1249 2644 1283 2689 1,
1320 2643 1414 2691 125)
1447 2650 1480 2682 et
1501 2643 1687 2695 Λυρκείας
1719 2644 1835 2682 arbor
1866 2656 1979 2695 opaca
2011 2644 2161 2685 comas?
2191 2669 2245 2674 —

448 2713 589 2751 Eadem
623 2711 781 2750 omnino
804 2712 976 2762 quaestio
998 2712 1096 2751 redit
1119 2712 1163 2751 de
1185 2711 1299 2763 regia,
1332 2711 1442 2751 cuius
1463 2712 1618 2751 ianuam
1641 2718 1777 2751 notum
1800 2718 1858 2750 est
1878 2712 1914 2750 k.
1937 2712 2083 2752 Martiis
2106 2714 2244 2753 unius-

450 2780 638 2831 cuiusque
669 2780 760 2819 anni
780 2779 897 2819 lauris
920 2780 1113 2820 veteribus
1136 2780 1296 2820 sublatis
1318 2780 1428 2819 novis
1450 2787 1624 2820 ornatam
1648 2794 1731 2820 esse
1755 2780 1930 2829 (Ovidius
1954 2783 2037 2821 fast.
2063 2781 2099 2830 3,
2134 2782 2242 2835 137).

581 2948 605 2987 ¹)
632 2947 679 2979 Cf.
699 2946 878 2980 Suetonius
898 2945 971 2978 Tib.
990 2946 1042 2985 26,
1070 2947 1184 2979 Claud.
1206 2947 1244 2979 17
1271 2957 1418 2990 quaeque
1443 2947 1585 2988 collegit
1608 2947 1782 2980 Reimarus
1809 2948 1848 2979 ad
1874 2947 1988 2979 Dionis
2015 2948 2118 2980 verba
2142 2959 2244 2991 supra

451 3004 565 3037 citata.
612 3005 722 3036 Etiam
754 3005 787 3036 iu
819 3004 928 3035 latere
959 3004 1089 3045 postico
1121 3004 1231 3044 tituli,
1268 3015 1362 3046 quem
1393 3003 1487 3036 Remi
1517 3003 1646 3037 Neroni
1678 3005 1919 3037 dedicaverunt
1946 3005 2136 3045 (Brambach
2166 3005 2200 3037 C.
2219 3005 2242 3038 1.

451 3060 551 3092 Rhen.
572 3061 661 3102 164),
687 3062 839 3093 cernitur
865 3071 988 3093 corona
1013 3071 1137 3103 quei-na
1162 3071 1233 3092 cum
1259 3061 1478 3102 inscriptione
1504 3069 1531 3095 0
1551 3078 1558 3086 ·
1578 3069 1601 3096 C
1620 3078 1627 3086 ·
1647 3070 1690 3104 S.,
1717 3063 1812 3093 inodo
1840 3072 1877 3094 ue
1905 3062 1950 3094 sit
1974 3062 2190 3103 interpolata.
