2227 3452
895 172 965 215 ΠΙ,
992 172 1130 207 22—28
1854 172 1906 213 63

119 293 231 346 capit,
262 292 386 343 qualia
409 291 612 344 Zumptius
642 290 845 343 proposuit
870 293 1032 342 pecunia
1061 303 1173 343 quam
1197 301 1269 342 pro
1300 292 1412 341 aqrz‘s.
1435 313 1487 317 -—
1515 289 1659 329 Deinde
1688 303 1722 329 V.
1746 289 1799 328 22
1822 296 1911 342 post

119 358 403 414 στρατιώταις
439 373 535 412 quae
573 366 685 400 antea
721 366 907 412 temptata
939 366 1031 399 sunt
1060 356 1300 413 κεφάλαιον
1330 358 1503 409 γέγονεν
1533 359 1833 410 μερισθέντων
1862 358 1910 397 ab

118 429 297 481 Hauptio,
329 426 570 482 κεφάλαιον
598 429 767 478 γέγονεν
798 425 903 468 αὐτὸ
932 427 977 468 ἐν
999 424 1167 477 Ἰταλία
1189 439 1209 466 a
1231 426 1405 478 Bergkio,
1436 427 1511 465 iam
1535 427 1791 465 emendantur
1812 427 1909 466 duo-

117 498 189 537 bus
227 498 412 550 exemplis
452 497 590 537 melius
627 503 665 536 et
695 497 846 548 plenius
877 496 997 535 lectis.
1029 520 1081 525 —
1112 495 1219 534 Nona
1250 494 1386 546 pagina
1416 507 1522 533 nnnc
1550 494 1721 546 primum
1752 496 1909 534 accedit.

250 565 330 604 Hoc
360 566 445 605 loco
476 579 573 617 quae
605 566 822 611 traduntur,
854 571 965 604 antea
995 565 1070 604 iam
1103 564 1148 602 de
1177 563 1359 616 praemiis
1381 563 1548 602 militum
1580 563 1775 602 disserens
1800 565 1834 610 1,
1860 565 1909 602 17

116 633 296 686 princeps
343 635 486 685 tetigit,
529 634 592 673 hic
632 634 857 686 explicatius
892 634 1056 673 redeunt
1091 633 1190 672 inter
1226 631 1473 671 liberalitates
1510 631 1658 670 civibus
1696 632 1910 682 praestitas.

115 702 330 742 Narrantur
369 709 497 742 autem
532 703 605 741 hoc
635 703 717 741 loco
749 703 845 742 duae
876 715 949 749 res,
981 714 1144 753 quarum
1177 701 1283 753 prior
1314 700 1481 752 pertinet
1510 700 1556 738 ad
1588 712 1620 738 a.
1654 701 1755 745 724,
1795 701 1910 739 altera

114 770 161 809 ad
198 783 231 809 a.
264 771 358 809 740.
417 771 528 810 Anno
560 770 640 809 724
671 772 868 822 Augustus
904 771 1038 810 scribit
1069 783 1108 810 se
1141 770 1328 809 militibus
1360 768 1619 819 adsignavisse
1651 768 1802 820 praedia
1835 769 1909 807 lta-

114 839 185 878 lica
244 845 282 878 et
337 852 407 891 pro
457 840 513 878 eis
572 852 797 879 numerasse
854 839 1075 891 municipiis
1126 839 1346 878 sestertium
1399 837 1552 876 circiter
1600 836 1723 875 sexies
1775 836 1911 875 millies

115 908 438 958 (600,000,000).
499 907 596 947 Cum
634 908 694 947 his
726 908 991 960 componenda
1023 914 1136 952 sunt,
1175 920 1272 959 quae
1304 907 1348 945 de
1380 904 1562 957 praemiis
1593 911 1681 956 post
1711 904 1908 944 victoriam

113 976 307 1016 Actiacam
339 976 528 1016 militibus
549 977 756 1028 persolutis
779 983 955 1016 auctores
979 977 1233 1017 tradiderunt.
1284 976 1460 1022 Quorum
1492 973 1558 1024 qui
1580 985 1711 1012 rerum
1735 973 1909 1012 ordinem

112 1045 272 1096 reliquis
302 1045 454 1097 plenius
486 1052 638 1084 enarrat
667 1045 736 1084 Dio
767 1046 850 1097 (51,
874 1046 910 1085 3
935 1046 976 1096 4)
1009 1047 1208 1085 Caesarem
1232 1043 1366 1083 scribit
1387 1049 1475 1095 post
1496 1041 1695 1081 victoriam
1717 1042 1909 1080 Actiacam

116 1114 212 1163 (723
237 1114 341 1166 Sept.
367 1114 408 1166 2)
430 1121 629 1153 veteranos
654 1120 730 1153 tam
754 1114 814 1153 sui
835 1114 1026 1153 exereitus
1048 1127 1164 1165 quam
1187 1112 1394 1152 Antoniani
1426 1111 1465 1150 in
1488 1110 1633 1150 Italiam
1657 1110 1910 1162 ablegavisse3

115 1182 251 1222 deinde
281 1196 370 1223 cum
402 1183 454 1222 illi
488 1183 634 1222 traiecti
666 1183 704 1221 in
736 1183 881 1222 Italiam
915 1196 1038 1234 neque
1071 1189 1199 1222 tamen
1231 1181 1379 1221 dimissi
1412 1180 1518 1231 (nam
1551 1178 1722 1231 praemia
1754 1186 1791 1219 et
1814 1179 1910 1218 mis-

113 1252 261 1292 sionem
301 1252 511 1305 poscebant
548 1258 645 1291 teste
678 1252 864 1291 Suetonio
896 1253 991 1303 Aug.
1026 1252 1093 1303 17)
1134 1251 1488 1294 tumultuarentur,
1528 1247 1717 1300 principio
1757 1261 1790 1287 a.
1828 1247 1909 1286 724

113 1321 364 1361 Brundisium
402 1322 606 1361 advectum
645 1333 706 1359 res
746 1320 798 1360 ita
836 1320 1090 1367 ordinavisse,
1133 1326 1175 1359 nt
1213 1317 1487 1358 vetustissimis
1525 1323 1562 1356 et
1599 1316 1680 1355 suis
1719 1316 1909 1356 militibus

116 1391 255 1443 oppida
284 1391 413 1430 Italica
444 1391 662 1442 adsignaret
692 1402 735 1429 ea
766 1389 911 1429 scilicet
941 1402 1037 1441 quae
1060 1387 1227 1427 Antonio
1257 1387 1442 1426 favissent
1474 1385 1587 1436 (τοὺς
1619 1383 1780 1438 δήμους
1815 1383 1911 1432 τοὺς

111 1457 156 1499 ἐν
206 1460 258 1516 τῇ
306 1456 470 1510 Ἰταλίᾳ
521 1456 621 1506 τοῦς
671 1458 724 1498 τὰ
778 1460 853 1499 τοῦ
893 1455 1126 1499 Ἀντωνίον
1188 1454 1491 1509 φρονήσαντας
1545 1453 1764 1501 ἐξοικίσας
1820 1459 1912 1499 τοῖς

112 1523 398 1580 στρατιώταις
428 1525 504 1574 τάς
534 1542 579 1567 τε
608 1525 762 1575 πόλεις
792 1526 863 1566 καὶ
896 1526 949 1566 τα
977 1528 1115 1579 χωρία
1145 1521 1286 1564 αἶ’τιῦν
1317 1523 1582 1576 ἐχαρίσατο),
1614 1522 1771 1574 reliquis
1793 1535 1911 1574 pecu-

114 1595 178 1635 nia
223 1595 477 1643 satisfaceret,
523 1595 717 1635 veteribus
763 1602 891 1635 autem
938 1594 1230 1647 possessoribus
1276 1594 1417 1633 Italicis
1455 1594 1595 1645 partim
1638 1591 1834 1644 Dyrrachii
1873 1597 1911 1629 et

110 1664 296 1716 Philippis
327 1664 493 1717 alibique
524 1665 561 1703 in
594 1664 799 1716 provinciis
831 1677 942 1716 agros
974 1665 1162 1706 redderet,
1195 1662 1333 1714 partim
1368 1661 1571 1714 pecuniam
1605 1673 1674 1712 pro
1695 1659 1795 1711 agris
1818 1671 1910 1711 pro—

111 1733 294 1781 mitteret,
325 1747 423 1785 quae
453 1734 614 1786 pecunia
656 1740 743 1785 post
781 1741 930 1786 captam
966 1734 1183 1785 Aegyptum
1220 1732 1378 1771 demum
1419 1731 1613 1782 persoluta
1651 1735 1721 1768 est.
1786 1728 1909 1767 Etiam

112 1802 274 1842 Orosius
295 1802 332 1850 6,
360 1804 421 1850 19,
448 1804 516 1841 14:
552 1802 702 1850 Caesar,
734 1803 870 1854 inquit,
904 1810 1077 1855 quartum
1099 1833 1105 1840 .
1127 1833 1134 1840 .
1155 1832 1163 1839 .
1186 1801 1315 1840 consul
1344 1800 1593 1839 Brundisium
1616 1798 1796 1837 venitn'bz'
1814 1797 1912 1836 orbis

74 1906 77 1908 .
111 1879 303 1911 terrarum
339 1872 531 1923 praesidia
573 1872 700 1911 divisis
740 1872 943 1924 Iey'z’om'bus
979 1873 1194 1923 composuit.
1257 1870 1413 1920 Spectat
1444 1868 1610 1919 denique
1643 1867 1720 1906 huc
1751 1866 1911 1905 adnota-

112 1940 260 1979 tionum
299 1940 464 1980 duarum
496 1939 802 1979 Eusebianarum
843 1941 889 1979 ad
928 1954 960 1979 a.
993 1940 1083 1979 Abr.
1119 1938 1224 1978 1985
1257 1938 1385 1989 (1934
1416 1937 1534 1980 Hier.)
1576 1936 1654 1975 sive
1692 1935 1798 1974 urbis
1832 1934 1910 1972 723

111 2008 213 2059 (vide
235 2022 271 2061 p.
297 2010 386 2057 14):
418 2008 582 2048 Romam·
611 2009 774 2048 colonias
806 2010 1044 2049 ‹lednoeerunt
1076 2015 1113 2048 et
1143 2007 1189 2047 ad
1220 2020 1253 2046 a.
1275 2006 1366 2045 Abr.
1393 2007 1495 2045 1991
1531 2004 1656 2053 (1939
1680 2004 1799 2052 Hier.)
1833 2002 1911 2042 sive

112 2078 216 2118 urbis
255 2077 355 2117 729:
393 2079 557 2118 coloniae
598 2078 774 2118 ‹leductae
812 2085 897 2117 sunt
936 2079 1072 2124 altera3
1110 2089 1200 2115 nam
1239 2075 1345 2127 prior
1376 2075 1518 2127 pariter
1548 2074 1631 2112 loeo
1665 2078 1766 2111 mota
1798 2077 1911 2122 atque

111 2146 235 2186 ovatio
275 2149 324 2193 (v.
356 2146 401 2186 ad
437 2147 471 2193 1,
495 2146 565 2197 21)
603 2146 771 2198 pertinet
808 2147 853 2186 ad
892 2147 1061 2186 colonias
1093 2152 1181 2198 post
1212 2144 1409 2183 victoriam
1443 2143 1733 2194 Philippensem
1764 2139 1911 2179 consti-

112 2221 227 2255 tutas.
286 2215 437 2255 Certius
467 2221 596 2255 autem
628 2222 666 2254 et
694 2215 928 2255 luculentius
950 2228 1066 2267 quam
1089 2226 1221 2253 rerum
1245 2214 1451 2265 scriptores
1473 2224 1556 2251 rem
1579 2209 1757 2263 patefacit
1778 2214 1913 2248 auctor

112 2284 345 2336 gromaticus
377 2284 549 2336 Hyginus
581 2285 627 2323 de
658 2284 737 2323 lim.
770 2298 806 2336 p.
842 2285 919 2323 177
952 2284 1127 2323 Lachm.:
1170 2282 1277 2321 (lions
1308 2283 1494 2333 Anyustus
1528 2279 1752 2332 [postquam]
1787 2278 1911 2328 misiq-

111 2355 214 2393 nam't
243 2354 326 2393 orbi
348 2360 545 2394 terrarum
571 2366 700 2405 pacem
732 2353 786 2405 (id
808 2359 867 2392 est
888 2358 976 2405 post
998 2352 1229 2391 debellatum
1252 2349 1465 2389 Antonium
1487 2349 1700 2399 Ianumque
1722 2346 1909 2391 clausum,

111 2433 146 2460 v.
186 2422 234 2461 ad
264 2422 302 2469 6,
327 2421 415 2472 13),
454 2425 657 2467 emeremus,
700 2424 765 2474 qui
800 2429 865 2461 aut
902 2422 968 2461 sub
1002 2422 1161 2460 Antonio
1200 2427 1265 2459 auc
1294 2419 1361 2458 sub
1393 2417 1528 2469 Lepido
1559 2416 1813 2456 'militaverant
1845 2416 1908 2463 (cs.

112 2489 181 2529 Dio
212 2491 277 2537 51,
300 2490 322 2530 3
355 2491 496 2539 initio),
526 2494 671 2543 pariter
701 2498 736 2530 et
765 2503 927 2530 suarum
958 2490 1146 2541 leqiomtm
1177 2488 1310 2527 milites
1342 2486 1492 2527 colonos
1521 2486 1608 2537 fecit
1638 2485 1732 2524 alios
1760 2486 1801 2523 ὺι
1828 2482 1912 2522 Ita-

113 2557 167 2598 lia
196 2559 288 2599 alios
316 2563 356 2599 in
381 2563 605 2612 provinciis:
643 2559 866 2612 quibusdam
898 2559 1026 2599 deletis
1056 2559 1217 2598 hostium
1247 2556 1454 2597 civitatibus
1484 2566 1600 2594 novas
1631 2553 1742 2592 urbes
1773 2553 1910 2591 consti-

113 2629 204 2674 tuz‘c‚·
243 2629 422 2680 quosdam
461 2629 524 2679 [in]
563 2629 747 2669 veteribus
786 2629 929 2680 oppidis
961 2628 1115 2667 ‹leduwit
1143 2634 1176 2666 et
1209 2626 1355 2665 colonos
1387 2625 1614 2669 nominavit,
1651 2621 1737 2661 illas
1768 2631 1909 2673 quoque

113 2695 223 2735 urbes
263 2709 357 2748 quae
389 2697 565 2737 deductae
597 2710 620 2736 a
648 2697 794 2749 reyibus
824 2703 889 2735 auc
921 2695 1162 2752 dictatoribus
1192 2696 1368 2746 fuerant,
1410 2706 1501 2745 quas
1532 2691 1715 2731 bellorum
1746 2689 1911 2728 civilium

114 2766 343 2804 interventus
381 2765 627 2812 eaehauserat,
667 2766 754 2804 dato
793 2767 929 2804 iterum
969 2764 1135 2804 coloniae
1163 2766 1312 2802 nomine
1344 2773 1502 2801 mmzero
1533 2762 1669 2800 civium
1700 2757 1909 2809 ampliavit,

115 2834 297 2885 quasdam
332 2839 366 2872 et
394 2834 544 2886 finibus.
575 2858 622 2861 —
659 2833 956 2885 Ademptionem
990 2832 1108 2884 igitur
1137 2844 1226 2871 cum
1258 2830 1452 2871 triumviri
1482 2830 1532 2868 ita
1563 2826 1836 2873 instituissent,
1868 2831 1912 2865 ut

114 2901 209 2941 nulli
248 2900 469 2954 quicquam*
496 2914 566 2954 pro
603 2914 693 2953 agro
733 2908 865 2954 erepto
905 2900 1174 2950 redderent1)‚
1218 2899 1356 2940 Caesar
1393 2899 1446 2939 ita
1477 2896 1720 2949 temperavit,
1766 2900 1811 2934 ut
1840 2906 1910 2946 pro

247 3062 276 3102 1)
300 3061 374 3094 Non
401 3061 513 3094 obstat
545 3070 627 3103 quae
652 3061 797 3102 Bergkio
835 3060 970 3093 obstare
1004 3060 1078 3092 visa
1111 3065 1165 3092 est
1197 3060 1347 3092 narratio
1372 3058 1488 3091 Dionis
1519 3057 1634 3098 49,14
1658 3056 1697 3087 ad
1724 3065 1753 3087 a.
1782 3055 1845 3087 718
1870 3055 1909 3087 de

118 3118 349 3159 adsignatione
374 3119 598 3151 triumvirali:
624 3118 683 3151 καὶ
708 3115 748 3150 τὸ
774 3116 842 3162 μὲν
871 3113 1046 3161 ἀργύριον
1070 3115 1215 3159 αὐτίκα,
1248 3114 1311 3158 τὴν
1335 3115 1372 3149 δὲ
1391 3112 1518 3159 χώραν
1542 3111 1582 3146 οὐ
1607 3111 1731 3156 πολλῷ
1762 3109 1911 3158 ὕστερον
