2430 3394
443 134 522 173 172
1076 131 1115 165 Ρ.
1135 130 1343 166 SVLPICII
1369 130 1579 171 QVIRINII

439 250 621 288 memoria
661 250 839 301 supersit.
899 251 950 289 Ea
981 250 1154 301 quaestio
1185 262 1273 288 cum
1307 248 1496 300 tripertita
1528 250 1594 296 sit,
1634 251 1678 288 de
1710 250 1833 289 tribus
1864 251 2050 302 capitibus
2082 252 2216 291 ordine

438 319 621 357 dicemus.

572 388 606 425 1.
652 388 773 438 Supra
821 387 884 425 uhi
929 387 1077 437 egimus
1123 386 1167 424 de
1213 385 1328 424 rebus
1374 398 1392 424 a
1430 385 1604 432 Quirinio
1646 387 1762 437 gestis
1804 387 1985 427 adversus
2023 389 2218 428 Homona-

438 456 587 502 denses,
620 456 708 495 huic
738 457 820 494 loeo
852 455 1130 494 reservavimus
1161 454 1437 505 quaestionem,
1470 467 1676 505 quamnam
1709 455 1944 506 provinciam
1977 469 2019 495 eo
2050 463 2218 509 tempore

438 524 660 563 obtinuerit.
713 524 1027 562 Ilomonadenses
1058 523 1201 561 incolas
1233 522 1400 573 regionis
1431 523 1477 561 ad
1510 523 1705 561 sinistram
1730 523 1834 562 ssuvii
1856 524 1972 563 Melae
1996 525 2221 576 (Manawgat

437 593 591 643 Tschai)
634 593 842 644 superioris
882 593 978 631 infra
1020 591 1217 630 Oroandes
1264 591 1301 629 in
1342 596 1473 630 monte
1522 591 1761 641 Djammidah
1807 598 1843 631 et
1888 592 1976 631 inde
2015 605 2128 644 porro
2174 594 2219 632 ad

437 663 625 701 orientem
665 670 714 710 (v.
745 663 935 700 Custavus
982 661 1195 699 Hirschfeld
1238 660 1277 698 in
1322 660 1414 698 actis
1459 660 1551 698 min.
1590 661 1692 699 acad.
1732 662 1855 700 Berol.
1900 661 2005 700 1875
2044 675 2080 713 p.
2113 662 2220 711 145),

437 730 617 769 Cilicibus
655 731 881 769 adnumerat
920 730 1057 768 Strabo
1098 729 1177 775 (12,
1211 729 1247 775 6,
1281 728 1317 766 3.
1351 730 1373 766 4
1398 742 1431 779 p.
1456 730 1555 775 5693
1591 730 1652 775 14,
1686 730 1721 776 5,
1758 731 1774 767 1
1810 742 1845 781 p.
1869 730 1969 777 668;
2005 731 2066 775 14,
2100 731 2136 776 5,
2168 730 2221 768 24

436 813 472 851 p.
497 800 606 849 679),
640 800 705 837 scd
737 799 775 837 in
804 798 931 837 Cilicia
962 798 1155 849 provincia
1184 797 1355 836 Romana
1388 810 1465 835 11011
1497 798 1934 848 comprehendebantur.
1994 799 2089 837 Nam
2112 806 2221 850 post-

436 881 551 919 quam
582 867 744 905 Romani
776 867 871 905 duce
902 866 1076 913 Quirinio
1107 867 1327 912 effecerunt,
1360 866 1461 916 quod
1492 866 1676 917 Amyntas
1708 867 1890 916 perticere
1922 880 1998 906 non
2030 873 2219 919 potuerat,

436 942 478 975 ut
509 937 769 981 domarentur,
802 935 929 974 Cilicia
959 947 1103 986 aspera,
1137 940 1177 973 ut
1198 934 1251 972 ait
1271 933 1405 973 Strabo
1431 934 1492 978 14,
1517 935 1552 979 5,
1576 934 1599 972 6
1622 948 1657 985 11.
1681 935 1774 981 671,
1807 935 1959 986 regibus
1990 936 2127 975 tradita
2149 943 2220 983 est,

437 1005 581 1043 scilicet
602 1018 633 1043 a.
653 1004 732 1042 734
751 1004 934 1042 Archelao
956 1003 1034 1054 regi
1053 1003 1311 1054 Cappadociae
1333 1002 1481 1041 Ciliciae
1512 1003 1609 1041 hanc
1636 1009 1783 1055 partem
1814 1004 2004 1043 concessit
2024 1004 2221 1055 Augustus

437 1073 522 1124 (Dio
555 1074 618 1119 54,
644 1074 686 1119 9;
719 1073 856 1112 Strabo
891 1074 951 1119 14,
976 1074 1012 1118 5,
1042 1072 1065 1111 6
1098 1085 1132 1123 p.
1157 1072 1256 1118 (371,
1303 1071 1457 1109 Tacitus
1497 1083 1584 1109 ann.
1615 1072 1652 1117 6,
1683 1071 1751 1121 41)
1796 1071 2021 1123 videturque
2067 1073 2222 1124 expedi-

438 1142 578 1181 tionem
611 1141 713 1180 illam
745 1141 1267 1180 011ν615115Ι10111011011611565
1299 1140 1347 1178 ob
1378 1140 1414 1178 id
1446 1140 1574 1191 ipsum
1598 1140 1772 1186 Quirinio
1796 1140 2047 1188 mandavisse,
2081 1147 2123 1180 ut
2143 1142 2222 1181 ulta

435 1217 559 1250 morte
580 1210 765 1262 Amyntae
797 1212 901 1249 serus
933 1210 1098 1261 populus
1122 1209 1304 1247 Archelao
1334 1221 1466 1260 parere
1498 1208 1694 1260 inciperet.
1755 1209 1878 1255 Quam
1909 1210 1957 1248 ob
1988 1223 2068 1249 rem
2092 1217 2222 1262 postea

434 1280 473 1318 111
505 1279 787 1331 provinciarum
822 1279 1006 1317 divisione
1035 1278 1161 1317 Cilicia
1192 1290 1325 1329 aspera
1358 1277 1475 1315 divisa
1516 1278 1657 1316 mansit
1687 1290 1706 1315 a
1739 1277 1866 1316 Cilicia
1898 1278 2042 1330 reliqua
2074 1279 2223 1330 (Ptole—

436 1362 566 1387 maeus
600 1349 635 1394 5,
660 1350 695 1394 5,
718 1347 754 1386 3.
779 1348 802 1386 9
834 1350 880 1385 er.
902 1347 1050 1385 Plinius
1084 1348 1119 1392 5,
1144 1348 1180 1393 7,
1205 1347 1286 1397 94).
1346 1347 1388 1384 In
1420 1346 1539 1384 Taciti
1577 1351 1704 1384 autem
1744 1347 1869 1385 verbis
1907 1351 2129 1398 empuyaale's
2154 1361 2224 1399 per

437 1418 606 1456 Ciliciam
636 1417 978 1455 Homonadensium
1009 1415 1166 1455 castellis
1196 1416 1321 1453 adhuc
1352 1414 1547 1453 neminem
1587 1415 1792 1453 offendisse
1830 1415 1961 1454 miror.
2020 1416 2116 1455 Nam
2155 1429 2223 1468 per

435 1485 602 1525 0111010111
633 1486 735 1524 aliud
772 1492 831 1524 est
869 1492 982 1536 atque
1020 1488 1057 1524 in
1100 1484 1241 1530 Cilicia,
1279 1496 1404 1534 neque
1440 1483 1548 1522 aliter
1588 1484 1633 1521 ad
1664 1483 1762 1522 hanc
1799 1484 2028 1523 sententiam
2061 1485 2224 1524 declinat

434 1554 508 1593 nisi
542 1554 604 1593 ubi
635 1554 673 1593 id
705 1555 749 1593 de
781 1568 857 1605 quo
889 1554 1014 1605 agitur
1036 1553 1271 1603 significatur
1293 1552 1491 1603 pervenire
1514 1552 1559 1590 ad
1589 1551 1784 1602 regionem
1817 1553 2035 1592 universam
2067 1554 2223 1605 locaque

434 1623 516 1662 eius
555 1623 703 1670 omnia,
744 1629 786 1662 ut
823 1623 985 1673 exempli
1024 1636 1137 1661 causa
1169 1635 1256 1660 01111.
1291 1622 1350 1667 15,
1378 1622 1425 1659 17
1457 1627 1560 1660 recte
1590 1627 1649 1659 est
1680 1621 1813 1660 Paetus
1848 1633 1917 1672 per
1949 1621 2223 1674 Cappadociam

433 1693 655 1739 hibernavit,
697 1705 820 1743 neque
861 1691 970 1730 aliter
1005 1692 1268 1743 accipiendum
1307 1690 1408 1741 quod
1444 1690 1584 1741 legitur
1622 1690 1671 1729 ib.
1708 1692 1740 1737 1,
1776 1691 1844 1729 15:
1890 1698 1931 1730 uc
1971 1703 2041 1742 per
2085 1694 2224 1731 circum

434 1762 655 1813 triumphali
692 1768 787 1800 veste
825 1767 1021 1800 uteremur
1058 1766 1095 1799 et
1132 1773 1227 1810 quae
1266 1761 1485 1810 frequenter
1524 1760 1561 1797 in
1613 1758 1733 1797 titulis
1778 1759 2026 1811 reperiuntur
2071 1760 2222 1808 similia,

435 1836 478 1868 111
509 1829 547 1868 C.
581 1830 639 1877 VI,
676 1829 803 1869 1620:
853 1842 956 1880 proc.
989 1829 1193 1881 Hispaniae
1239 1830 1418 1868 citerioris
1457 1840 1528 1879 per
1567 1828 1777 1867 Asturicam
1806 1835 1838 1867 ec
1880 1827 2117 1868 Callaeciam.
2176 1829 2226 1868 At

436 1899 751 1937 Homonadenses
782 1899 964 1949 angulum
997 1899 1042 1937 ad
1081 1910 1279 1937 summum
1320 1903 1535 1936 extremum
1570 1896 1722 1936 Ciliciae
1759 1904 1989 1948 occupantes
2027 1898 2222 1949 quomodo

416 1966 508 2004 .dici
539 1966 688 2017 possint
720 1967 854 2017 degere
882 1980 951 2018 per
985 1966 1164 2013 Ciliciam,
1198 1979 1333 2018 parum
1366 1965 1609 2018 perspicitur,
1640 1972 1677 2004 et
1708 1972 1809 2004 reete
1839 1967 2000 2005 sortasse
2032 1966 2224 2018 Hauptius

436 2036 508 2074 hoc
541 2035 721 2086 scrupulo
759 2035 957 2086 proposito
989 2035 1191 2074 lectionem
1237 2043 1458 2086 corruptam
1503 2048 1585 2073 esse
1631 2034 1811 2073 iudicavit
1855 2035 2064 2074 emendans
2109 2047 2221 2086 super

436 2104 613 2151 Ciliciam,
655 2105 692 2143 id
723 2106 826 2156 quod
864 2118 909 2143 ex
948 2104 1062 2143 huius
1104 2103 1373 2143 commentarii
1410 2103 1577 2142 editione
1614 2102 1740 2154 priore
1781 2102 1926 2154 recepit
1956 2102 2222 2154 Nipperdeius.

432 2172 528 2212 Utut
559 2179 625 2219 est,
659 2173 736 2212 sive
768 2173 805 2212 in
829 2173 957 2213 Cilicia
988 2173 1182 2225 provincia
1204 2173 1519 2211 Ilomonadenses
1552 2173 1709 2210 fuerunt
1739 2171 1816 2210 sive
1847 2171 1881 2209 ei
1912 2171 2089 2223 proximi,
2122 2178 2224 2211 recte

433 2241 498 2292 qui
530 2241 696 2280 Ciliciam
728 2242 882 2292 regebat
911 2242 999 2281 inde
1031 2242 1174 2280 bellum
1206 2242 1252 2280 iis
1285 2243 1424 2280 inferre
1455 2240 1592 2292 potuit,
1634 2253 1704 2279 nec
1743 2240 1904 2279 dubium
1936 2246 1994 2280 est
2024 2240 2061 2279 id
2093 2241 2222 2292 ipsum

433 2324 453 2349 a
485 2310 614 2349 Tacito
663 2310 880 2361 significari.
953 2311 1026 2349 Sed
1072 2311 1144 2349 1100
1189 2309 1404 2361 quaeritur,
1452 2314 1583 2347 utrum
1623 2308 1750 2347 Cilicia
1792 2308 1986 2360 provincia
2026 2315 2109 2348 tum
2152 2309 2224 2348 sub

434 2392 503 2418 5110
540 2378 714 2430 praeside
746 2378 861 2417 fuerit
891 2391 937 2417 an
967 2379 1089 2429 legato
1120 2378 1248 2430 Syriae
1280 2377 1468 2429 paruerit,
1509 2383 1546 2416 et
1576 2377 1696 2416 multa
1737 2383 1839 2424 sunt,
1878 2390 1973 2428 quae
2004 2378 2102 2417 hanc
2131 2390 2223 2417 sen—

434 2448 591 2487 tentiam
624 2448 908 2487 commendent.
968 2447 1063 2485 Nam
1097 2446 1127 2484 si
1160 2446 1287 2485 Cilicia
1319 2458 1494 2485 seorsum
1528 2453 1608 2484 tum
1642 2446 1995 2491 administrabatur,
2026 2446 2225 2497 provincia

433 2517 505 2556 fuit
535 2523 572 2556 et
601 2517 761 2555 inermis
793 2522 829 2555 et
860 2516 932 2555 sub
962 2516 1085 2566 legato
1120 2514 1308 2565 praetorio
1349 2514 1579 2561 constituta,
1617 2519 1655 2552 at
1685 2513 1883 2560 Quirinius
1923 2514 2065 2553 bellum
2104 2515 2143 2553 in
2181 2528 2223 2554 ea

433 2585 551 2636 gessit
594 2592 682 2637 post
726 2585 982 2623 consulatum.
1048 2583 1192 2622 Deinde
1228 2590 1376 2622 constat
1415 2584 1464 2622 M.
1488 2583 1700 2622 Antonium
1745 2583 1941 2633 antiquam
1987 2583 2221 2634 provinciam

433 2654 602 2693 Ciliciam
625 2654 825 2693 sustulisse
858 2656 906 2701 (v.
947 2665 1062 2704 supra
1099 2653 1145 2690 ad
1184 2665 1287 2691 mon.
1318 2653 1410 2690 Anc.
1445 2652 1480 2699 5,
1505 2652 1592 2698 31),
1630 2652 1846 2702 Augustum
1888 2651 2066 2691 novimus
2096 2652 2219 2703 Cypro

433 2723 611 2775 propriae
642 2722 859 2774 provinciae
890 2724 1055 2760 sormam
1087 2721 1248 2765 dedisse,
1280 2721 1325 2759 de
1357 2721 1484 2760 Cilicia
1515 2720 1606 2771 quid
1637 2720 1891 2767 constituerit,
1937 2732 2015 2759 non
2060 2720 2223 2760 traditur

433 2792 497 2843 (cf.
527 2792 567 2830 in
608 2791 831 2830 universum
874 2790 1095 2842 Marquardt
1135 2790 1443 2830 Scantsverw.12
1466 2803 1502 2841 p.
1526 2789 1637 2838 391).
1708 2789 1839 2828 Paullo
1880 2794 2012 2840 postea
2053 2788 2220 2828 Ciliciam

434 2874 454 2899 a
473 2861 601 2912 Syriae
623 2860 795 2912 praeside
818 2865 961 2898 rectam
983 2871 1067 2898 esse
1090 2865 1192 2897 recte
1215 2858 1430 2898 observavit
1447 2858 1649 2909 Zumptius
1666 2858 1690 2895 l.
1710 2870 1740 2896 c.
1758 2871 1796 2909 p.
1814 2858 1866 2896 96
1884 2857 2034 2896 ostendi
2055 2870 2075 2896 a
2091 2857 2221 2896 Tacito

435 2929 698 2981 compluribus
729 2929 833 2967 locis.
886 2929 939 2968 lta
971 2928 1009 2966 in
1032 2927 1250 2966 narratione
1272 2927 1549 2966 discordiarum
1572 2927 1671 2966 inter
1693 2926 1962 2965 Germanicum
1985 2932 2023 2965 et
2042 2925 2218 2964 Pisonem

433 2997 599 3048 legatum
619 2996 747 3048 Syriae
768 2996 830 3034 hic
851 3008 929 3034 non
950 2996 1075 3034 solum
1098 3010 1118 3034 a
1140 2996 1300 3035 Cilicum
1323 2996 1464 3046 regulis
1487 2995 1626 3034 milites
1648 2995 1817 3046 postulat
1838 2995 1942 3046 (Tac.
1966 3006 2054 3033 ann.
2078 2994 2114 3041 2,
2137 2993 2219 3044 78),

436 3066 500 3104 sed
531 3065 645 3104 etiam
677 3065 818 3104 horum
849 3077 919 3117 ope
952 3064 1149 3104 Celenderi
1180 3064 1319 3117 oppido
1343 3064 1492 3103 Ciliciae
1524 3070 1741 3115 expugnato
1773 3064 1947 3114 queritur
1977 3061 2170 3114 provincia
2200 3074 2220 3100 a
