2430 3394
464 119 481 156 1
492 117 545 156 74
1101 111 1141 145 P.
1161 109 1368 146 SVLPICII
1394 110 1604 151 QVIRIMI

460 235 618 273 Sueton.
636 231 719 270 Tib.
746 230 807 268 12.
839 230 929 269 vell.
953 230 989 277 2,
1016 230 1123 281 102).
1184 231 1345 269 Tantam
1384 242 1515 269 curam
1556 242 1669 268 nemo
1707 231 1836 269 credet
1873 231 1919 269 ab
1949 232 2122 282 Augusto
2153 245 2243 283 per-

461 302 617 341 missam
650 312 734 339 esse
765 299 838 338 nisi
870 299 950 338 viro
980 311 1110 337 rerum
1144 299 1311 338 Orientis
1344 311 1416 337 usu
1447 310 1564 349 gnaro
1595 297 1738 349 quique
1769 298 1807 336 in
1838 298 1932 349 ipsis
1963 300 2054 339 locis
2086 300 2146 339 sui
2177 314 2243 339 ex-

460 370 718 422 perimentum
756 368 928 415 fecisset3
969 368 1082 418 idque
1114 367 1214 405 cadit
1245 367 1402 406 omnino
1434 368 1472 406 in
1506 366 1687 413 Lollium,
1726 366 1867 418 quippe
1897 367 1962 418 qui
1993 382 2024 407 a.
2059 369 2138 407 729
2170 370 2244 408 Ga-

459 439 587 478 latiam
618 444 707 490 post
735 437 920 488 Amyntae
953 442 1118 475 mortem
1150 435 1188 474 in
1221 435 1435 487 provinciae
1467 437 1628 473 formam
1661 435 1871 486 redegisset
1901 436 2076 488 (Eutrop.
2101 439 2136 485 7,
2164 438 2241 490 10).

460 509 583 555 Quam
622 507 669 546 01)
707 519 787 545 rem
820 520 863 545 eo
894 506 977 557 ipso
1009 504 1133 543 officio
1163 511 1324 556 augetur
1354 503 1600 556 probabilitas
1631 503 1851 550 Quirinium
1882 510 1991 543 antea
2022 519 2173 557 quoque
2204 507 2243 545 in

463 577 619 616 Oriente
664 574 900 628 provinciam
930 573 1104 624 ¹aliquam
1145 573 1336 624 insignem
1375 573 1535 612 feliciter
1572 572 1874 611 administrasse.
1940 574 2079 613 Rector
2115 582 2243 614 autem

461 645 551 685 Gaio
590 644 742 684 additus
783 650 840 681 cst
870 648 957 694 post
987 641 1133 680 obitum
1166 641 1274 680 Lollii
1306 641 1449 680 mortui
1479 655 1510 680 a.
1545 643 1622 680 755
1662 648 1700 681 et
1735 641 1891 692 quidem
1922 643 2141 682 Armeniam
2176 644 2245 683 ob-

464 713 614 760 tinenti,
645 713 681 751 id
714 718 772 751 est
802 726 833 751 a.
868 712 959 758 756,
991 711 1029 750 id
1060 710 1163 761 quod
1194 710 1337 761 optime
1369 710 1547 749 convenit
1577 723 1664 749 cum
1696 711 1895 762 legationis
1929 712 2103 763 Syriacae
2134 713 2245 752 annis

459 795 554 834 quos
587 793 702 833 supra
733 780 950 819 invenimus
985 780 1060 818 751
1095 785 1133 817 et
1165 778 1257 816 752.
1290 802 1342 805 —
1387 779 1435 817 At
1465 779 1574 818 aliter
1602 779 1713 831 longe
1745 780 1948 832 Zumptius
1977 780 2119 820 iudicat
2151 782 2190 830 (l.
2213 795 2244 821 6.

459 865 494 904 p.
520 850 629 899 102).
689 848 908 896 Quirinium
947 861 1036 887 cum
1068 848 1226 887 Caesare
1263 847 1304 886 in
1337 847 1534 886 Orientem
1572 848 1733 887 missum
1772 861 1854 887 esse
1893 862 1981 888 cnm
2013 849 2182 901 primum
2214 851 2245 890 is

461 920 770 973 proficisceretur
791 931 822 957 a.
847 918 939 965 753,
971 930 1095 968 neque
1117 930 1204 956 eum
1228 916 1348 956 Lollio
1371 918 1614 963 successisse,
1646 917 1711 955 sed
1733 917 1805 968 ipsi
1828 917 2003 965 Lollium,
2026 918 2244 965 Quirinium

459 996 586 1029 autem
611 988 774 1027 Romam
808 999 1004 1026 reversum
1038 992 1076 1025 et
1104 986 1181 1025 iam
1213 986 1383 1025 solutum
1415 985 1559 1024 bellicis
1590 985 1692 1025 curis
1714 992 1802 1037 post
1823 992 1987 1025 mortem
2010 986 2052 1027 L.
2075 987 2244 1027 Caesaris

463 1064 610 1106 (mense
632 1057 725 1107 Aug.
749 1069 781 1095 a.
805 1056 900 1103 755)
933 1067 1113 1107 sponsam
1146 1054 1228 1094 eius
1249 1054 1449 1093 Aemiliam
1472 1054 1653 1106 Lepidam
1684 1054 1724 1092 in
1756 1055 2047 1094 matrimonium
2080 1056 2244 1096 duxisse.

456 1127 505 1166 At
535 1127 706 1178 primum
738 1125 801 1171 ita,
834 1137 922 1163 cum
954 1130 1104 1163 constet
1133 1123 1297 1162 Lollium
1329 1123 1368 1162 in
1400 1123 1584 1162 comitatu
1616 1123 1866 1173 decessisse1)
1896 1137 2020 1175 neque
2054 1124 2245 1174 eiusmodi

457 1196 630 1235 adiutore
648 1193 782 1233 Gaium
807 1206 934 1232 carere
956 1192 1128 1244 potuisse
1149 1205 1274 1243 neque
1296 1192 1417 1231 ullum
1440 1193 1556 1231 alium
1579 1198 1730 1243 praesto
1752 1205 1835 1231 esse
1857 1199 2008 1244 praeter
2024 1193 2243 1240 Quirinium

457 1265 564 1316 (nam
583 1261 817 1302 Censorinus
835 1261 965 1300 Velleii
987 1261 1023 1308 2,
1049 1261 1126 1300 102
1149 1274 1227 1299 non
1248 1261 1322 1300 fuit
1343 1274 1471 1300 comes
1490 1261 1528 1300 C.
1548 1260 1719 1300 Caesaris
1748 1261 1788 1300 in
1806 1261 1925 1313 Syria,
1949 1262 2015 1301 sed
2037 1263 2245 1314 proconsul

457 1329 631 1381 Asiae²)‚
670 1336 801 1381 parata
838 1336 1076 1382 spernuntur
1114 1336 1359 1381 rectoresque
1391 1330 1560 1369 Caesaris
1600 1343 1669 1381 pro
1706 1330 1855 1369 duobus
1887 1330 1953 1381 qui
1982 1333 2140 1370 fuerunt
2170 1332 2245 1370 fin-

459 1405 603 1451 guntur
646 1404 722 1438 tres
761 1405 1003 1450 quattuorve.
1064 1398 1208 1437 Deinde
1239 1399 1341 1449 quod
1372 1398 1423 1437 ait
1454 1399 1608 1438 Tacitus
1639 1399 1857 1445 Quirinium
1891 1399 2054 1438 missum
2085 1413 2168 1439 esse
2199 1401 2245 1440 ad

459 1468 498 1508 C.
522 1467 719 1507 Caesarem
742 1468 957 1507 Armeniam
991 1468 1220 1513 obtinentem,
1252 1480 1496 1519 nequaquam
1527 1474 1654 1519 potest
1685 1468 1910 1519 significare,
1944 1468 2043 1507 sicut
2064 1468 2244 1520 Zumptio

458 1537 583 1576 visum
615 1543 673 1576 est
702 1550 829 1588 posse,
860 1536 1167 1588 proficiscentem
1199 1536 1245 1575 ad
1276 1536 1557 1588 expeditionem
1580 1537 1868 1584 Armeniacam3
1900 1549 1989 1576 nam
2011 1550 2244 1588 quamquam

457 1605 673 1657 provincia,
719 1605 886 1644 maxime
931 1605 1021 1643 olim
1067 1605 1275 1644 constituta
1319 1612 1357 1643 et
1403 1618 1556 1652 vacans7
1604 1605 1685 1644 iure
1718 1605 1883 1644 obtineri
1927 1611 2054 1657 potest
2099 1606 2155 1644 vel
2199 1606 2245 1645 ab

458 1687 514 1722 eo,
546 1674 612 1726 qui
642 1687 683 1713 re
718 1687 796 1713 non
835 1674 1001 1721 obtinet,
1048 1680 1176 1713 tamen
1209 1674 1427 1725 Scipionem
1467 1674 1650 1713 adversus
1681 1674 1932 1713 Hannibalem
1964 1676 2128 1714 missum
2160 1675 2245 1726 quis

458 1743 558 1782 dicet
597 1743 761 1782 Africam
802 1748 889 1782 ante
928 1742 1142 1782 obtinuisse
1179 1755 1294 1794 quam
1333 1756 1376 1782 eo
1414 1741 1652 1795 appelleret?
1711 1743 1834 1782 Immo
1867 1750 2014 1782 certum
2048 1750 2107 1783 est
2136 1743 2246 1783 Taci-

458 1819 541 1851 tum
582 1813 674 1851 haec
712 1812 786 1851 (1110
829 1812 942 1851 verba
983 1811 1068 1850 ideo
1115 1811 1317 1857 adiecisse,
1365 1818 1405 1851 ut
1450 1811 1670 1858 Quirinium
1716 1812 1948 1863 signiticaret
1991 1818 2163 1851 extremo
2209 1818 2246 1851 et

458 1881 682 1920 difficillimo
716 1887 886 1933 tempore
917 1881 957 1920 in
989 1880 1227 1932 expeditione
1259 1880 1482 1919 Armeniaca
1524 1880 1562 1919 C.
1607 1880 1777 1919 Caesaris
1816 1880 1997 1919 comitem
2035 1887 2246 1920 rectorem-

416 1990 419 1994 ,
457 1963 531 2001 que
567 1949 698 1989 fuisse.
761 1949 956 2000 Originen]
997 1956 1125 1988 autem
1164 1948 1272 1988 duxit
1312 1962 1489 2001 perversa
1521 1949 1689 2001 Zumptii
1733 1949 1998 2001 interpretatio
2044 1962 2089 1988 ex
2133 1962 2245 1988 causa

456 2031 534 2058 non
566 2018 827 2071 improbabili3
859 2032 946 2057 vere
979 2018 1082 2057 enim
1106 2018 1227 2057 Taciti
1257 2018 1371 2057 verba
1402 2018 1447 2056 de
1470 2018 1644 2064 Quirinio
1677 2018 1731 2057 sic
1762 2024 1804 2057 ut
1834 2031 1937 2057 nunc
1967 2019 2135 2057 eduntur
2156 2031 2244 2057 cum

460 2100 589 2127 rerum
626 2087 813 2126 memoria
844 2100 922 2126 non
953 2087 1044 2126 satis
1077 2087 1322 2126 conveniunt.
1386 2087 1480 2126 Nan]
1514 2088 1546 2126 si
1577 2087 1627 2126 ita
1659 2086 1814 2126 Tac-itus
1846 2087 2018 2139 scripsit:
2065 2088 2243 2139 datusque

457 2163 579 2195 rector
612 2155 651 2195 C.
688 2155 843 2195 Caesari
870 2156 1084 2195 Armeniam
1123 2156 1301 2195 obtinenti
1329 2155 1517 2195 Tiberium
1548 2168 1688 2208 qnoque
1720 2155 1842 2195 Rhodi
1869 2164 2037 2207 (tyentem
2066 2157 2244 2203 coluerat,

457 2224 650 2276 quomodo
671 2224 871 2270 Quirinius
893 2225 937 2263 ad
962 2226 1161 2263 Caesarem
1193 2225 1232 2263 in
1255 2225 1476 2263 Armeniam
1508 2237 1717 2276 properans
1749 2224 1866 2263 coluit
1887 2225 2083 2264 Tiberium
2106 2224 2241 2271 Rhodi,

457 2294 558 2332 unde
589 2293 621 2332 is
652 2293 744 2332 abiit
774 2300 917 2333 aestate
947 2306 979 2332 a.
1004 2294 1095 2340 755,
1127 2293 1306 2345 idemque
1337 2294 1382 2333 ad
1405 2293 1604 2332 Caesarem
1637 2299 1792 2332 vocatus
1823 2300 1881 2332 est
1902 2293 2022 2332 Lollio
2044 2293 2243 2340 defuncto,

457 2362 523 2414 qui
566 2362 659 2401 obiit
693 2363 777 2414 ipso
817 2375 848 2401 a.
879 2360 989 2400 755?
1049 2362 1097 2401 At
1133 2375 1211 2401 non
1243 2362 1397 2402 Tacitus
1429 2362 1502 2401 1106
1533 2361 1641 2408 dicit,
1680 2362 1744 2401 sed
1785 2362 1851 2413 qui
1893 2362 1989 2401 male
2020 2361 2134 2400 verba
2164 2361 2244 2400 eius

589 2482 613 2512 11
636 2480 670 2512 ld
698 2480 846 2512 Velleius
872 2485 986 2522 aperte
1011 2480 1179 2520 significat
1205 2485 1339 2512 narrato
1367 2490 1546 2521 congressu
1574 2480 1606 2511 C.
1629 2478 1784 2511 Caesaris
1819 2486 1852 2511 et
1886 2481 1975 2521 regis
2001 2480 2154 2512 Phraatis
2192 2480 2241 2511 sic

457 2548 612 2580 pergens:
639 2548 700 2580 qno
725 2541 872 2580 tempore
900 2537 942 2569 Jl.
962 2535 1054 2576 Lolli,
1089 2548 1183 2578 quem
1214 2538 1313 2570 velati
1335 2537 1580 2569 moderatorem
1609 2539 1758 2568 iza-antae
1787 2537 1856 2575 filii
1883 2539 1939 2569 sai
1962 2539 2145 2580 Augustus
2176 2548 2246 2568 esse

457 2595 615 2636 voluerat,
637 2595 767 2638 perfida
791 2598 822 2626 et
845 2594 940 2637 plena
964 2593 1090 2626 subdoli
1111 2605 1149 2627 ac
1174 2597 1299 2627 versuti
1327 2596 1435 2626 animi
1466 2595 1607 2626 consilia
1634 2604 1692 2637 per
1724 2595 1894 2627 Parthum
1927 2594 2077 2627 indicata
2111 2594 2246 2626 Caesari

446 2655 554 2695 sama
579 2652 745 2695 vulg-avit:
770 2653 867 2683 cuius
892 2662 984 2684 mors
1010 2653 1101 2683 intra
1122 2662 1246 2694 paucos
1271 2652 1340 2684 dies
1363 2653 1509 2694 fortuita
1540 2662 1582 2683 αη
1610 2653 1798 2684 voluntaria
1821 2653 1939 2694 suerit,
1966 2654 2094 2695 ignoro.
2144 2651 2244 2683 Pauci

458 2711 562 2750 igitur
588 2710 659 2741 dies
686 2708 915 2741 interfuerunt
940 2709 1030 2740 inter
1055 2709 1270 2741 interdictam
1295 2710 1477 2741 amicitiam
1497 2708 1552 2747 (cs.
1572 2708 1701 2741 Plinius
1729 2710 1757 2750 9,
1777 2709 1828 2750 35,
1851 2709 1929 2741 113:
1955 2710 2014 2741 1106
2029 2710 2119 2752 suit,
2145 2718 2244 2751 quare

458 2767 501 2799 JI.
520 2766 645 2799 Lollius
681 2768 872 2809 installatus
908 2776 1027 2809 regam
1064 2769 1257 2800 maneribus
1295 2770 1327 2799 l'll
1365 2769 1433 2798 loto
1461 2766 1591 2798 Oriente
1617 2765 1792 2798 interdicta
1817 2767 1968 2798 anticite'cz
2000 2776 2021 2797 α
2050 2766 2081 2798 C.
2105 2765 2242 2797 Caesare

457 2825 610 2866 Augusti
632 2823 700 2866 filio
726 2834 879 2856 venenum
907 2825 1038 2856 biberen
1066 2831 1097 2857 et
1123 2825 1227 2857 Lollii
1256 2825 1389 2857 obitum.

590 2882 617 2921 2)
643 2880 859 2913 Censorinum
886 2882 1057 2924 probabile
1084 2888 1136 2914 est
1161 2883 1346 2914 decessisse
1365 2882 1397 2913 in
1428 2881 1669 2923 proconsulatu
1687 2881 1800 2921 Asiae,
1829 2885 1955 2913 certum
1975 2891 2037 2912 non
2057 2879 2242 2912 decessisse

458 2939 492 2970 in
518 2938 676 2970 comitatu
703 2938 737 2970 C.
764 2938 933 2977 Caesaris3
971 2950 1043 2971 uam
1068 2940 1096 2971 si
1121 2940 1167 2971 ita
1200 2941 1383 2980 evenisset,
1411 2940 1562 2971 Velleius
1592 2944 1763 2980 postquam
1794 2943 1933 2970 mortem
1960 2938 2064 2970 Lollii
2091 2936 2243 2968 narravit

458 2996 506 3027 sic
528 3006 686 3038 pergens:
710 2996 808 3039 paulo
829 2998 908 3039 post
933 2997 1037 3028 obisse
1058 2997 1276 3030 Censorinum
1300 3001 1335 3028 z'n
1360 2995 1476 3028 iisdem
1499 2997 1678 3039 provinciis
1699 2997 1852 3037 graviter
1875 2995 1956 3026 tulit
1981 2997 2105 3034 cicztas,
2137 2994 2241 3035 scrip-

457 3052 560 3084 sisset
583 3054 616 3084 in
641 3052 756 3085 eadem
779 3055 960 3097 provincia.
