2227 3452
1027 138 1219 175 GRAECA
1937 148 1957 188 1
1965 148 1988 189 9
1995 148 2019 189 9

225 260 318 298 hum
351 257 477 304 vertit,
508 257 765 297 reformidans
798 257 944 297 scilicet
974 256 1232 299 ἐπαινετικά
1263 259 1546 311 ψηφίσματα,
1580 261 1645 299 sed
1676 261 1727 300 ita
1759 275 1799 300 se
1829 263 2021 314 expedivit

225 333 267 366 ut
297 338 368 365 nec
399 325 533 365 Latine
564 326 655 365 satis
695 339 766 365 nec
808 326 899 366 satis
931 327 1072 367 Graece
1113 326 1297 367 scriberet
1334 324 1358 379 ἡ
1397 322 1634 379 σύγκλητος
1664 324 1939 369 ἐπαινέσασά
1968 346 2022 383 με

224 389 484 447 ψηφίσμασι
526 392 858 446 προσκατέλεξε;
904 395 1067 435 debebat
1108 395 1275 434 scribere
1317 390 1341 446 ἡ
1388 391 1620 447 σύγκλητος
1666 394 1938 438 ἐπαινέσασά
1969 414 2021 451 με

224 460 574 515 προσκαταλέξαι
606 460 874 515 ἐψηφίσατο.

358 526 565 569 ‘Secuntur
595 543 638 569 ea
675 542 772 581 quae
805 530 945 569 Graece
983 530 1139 581 quidem
1186 530 1253 568 sed
1299 542 1436 581 parum
1477 536 1564 581 apte
1601 538 1637 570 et
1676 532 1829 583 proprie
1873 533 2022 573 reddita

226 597 428 636 videantur
467 611 568 645 esse,
609 611 628 636 e
674 598 814 648 quibus
852 597 1054 648 potissima
1093 597 1314 648 seligentur.
1382 597 1553 636 Possunt
1598 599 1752 649 quidem
1800 599 1851 639 τα
1895 601 2021 640 κοινὰ

225 664 461 718 πράγματα
507 666 778 717 rempublicam
823 665 1057 716 significare,
1105 666 1172 704 sed
1218 664 1279 702 vix
1325 670 1428 703 reete
1472 665 1664 717 interpres
1710 668 1744 713 1,
1767 667 1789 705 3
1837 668 1931 707 dixit
1970 668 2021 707 τά

223 733 348 774 κοινα
379 732 615 786 πράγματα
646 728 738 772 ἀπὸ
770 733 843 786 τῆς
874 731 1075 780 δουλείας
1107 730 1391 786 ἠλευθέρωσα
1431 732 1716 785 (rempublz'ccmt
1746 739 1786 774 in
1816 736 2022 776 libertatem

223 801 440 852 vindicavi).
506 802 640 840 Potest
678 800 833 851 quidem
866 800 1005 841 τελεῖν
1042 802 1202 840 verbum
1243 801 1318 839 vim
1354 802 1579 853 perficiendi
1613 803 1752 842 hahere
1791 803 1890 842 sicut
1920 810 2022 843 recte

227 872 289 918 11,
314 871 337 908 2
370 870 408 909 εἰ
438 868 496 922 μὴ
534 866 662 915 αὐτὸς
692 867 1011 921 τετελειώκοιμι
1044 869 1334 924 τελειωθῆναι
1367 868 1453 911 ὑπὸ
1484 873 1570 910 τῶν
1600 870 1714 923 ἐμῶν
1745 870 2023 925 κληρονόμων

223 937 414 984 ἐπέταξα
446 937 633 988 scriptum
667 943 725 976 est
756 936 806 989 (si
832 940 938 976 vivus
969 951 1044 977 ηοη
1071 940 1308 989 perfecisse-m
1339 941 1475 991 perfici
1502 941 1547 978 ab
1578 941 1772 980 heredibus
1801 941 1923 992 iussi),
1955 942 2022 980 sed

223 1019 349 1057 neque
386 1006 423 1053 3,
447 1006 497 1044 21
538 1012 640 1044 recte
680 1006 794 1044 habet
831 1006 990 1044 verbum
1033 1006 1072 1044 in
1110 1006 1170 1044 his
1209 1003 1237 1045 ἆ
1274 1005 1320 1045 δὲ
1360 1005 1455 1046 τότε
1494 1006 1551 1046 δι’
1589 1007 1694 1060 ἐμοῦ
1734 1007 1757 1062 ἦ
1789 1008 2023 1062 σύγκλητος

225 1075 563 1127 οἰκονομεῖσθαι
587 1072 807 1125 ἐβούλετο,
831 1097 885 1101 -
907 1072 1094 1124 ἐτέλεσα,
1118 1087 1244 1125 neque
1275 1076 1312 1121 6,
1336 1075 1401 1113 21.
1426 1075 1476 1113 22
1508 1075 1546 1113 111
1569 1075 1628 1114 his
1652 1077 1735 1116 τῶν
1757 1075 2024 1130 πραγμάτων

221 1143 330 1182 κατὰ
364 1141 439 1190 τὰς
471 1141 596 1194 ειῗχας
622 1141 939 1190 τελεσθένιων;
979 1149 1117 1181 neutro
1146 1143 1249 1181 enim
1275 1144 1358 1182 loco
1387 1145 1616 1183 terminandi
1642 1145 1748 1184 notio
1773 1145 2022 1197 exprimenda

222 1212 307 1251 fuit.
357 1212 492 1251 Potest
521 1211 677 1262 quiden]
710 1213 835 1250 minor
865 1211 1149 1262 comparativus
1179 1218 1217 1250 et
1241 1208 1375 1264 ἥττων
1396 1218 1434 1251 et
1455 1210 1643 1254 ἐλάττων
1665 1228 1760 1263 esse,
1798 1215 1864 1253 sed
1886 1213 2021 1253 vitiose

220 1281 282 1319 ille
313 1280 469 1331 scripsit
504 1280 566 1326 13,
589 1279 613 1317 2
645 1275 692 1317 αἱ
725 1277 772 1317 δὲ
808 1276 984 1332 ἥσσονες
1006 1277 1185 1325 πλείους
1207 1278 1513 1333 ἐναυμάχησαν
1535 1283 1678 1333 (plures
1700 1291 1823 1323 (rectem
1844 1281 2021 1332 vulneres)

221 1361 293 1388 nec
323 1349 444 1399 magis
475 1355 578 1387 recte
609 1348 648 1386 in
680 1347 853 1386 oratione
886 1348 1000 1386 etiam
1033 1348 1106 1387 3110
1138 1348 1295 1386 1101111110
1327 1349 1577 1400 vituperanda
1611 1351 1646 1397 8,
1671 1353 1692 1390 7
1726 1355 1889 1397 αἵτινες
1919 1350 2020 1403 ἐμαὶ

221 1412 449 1463 ἐπιδόσεις
480 1414 691 1456 οὐδέποτε
722 1410 856 1469 ἧσσον
886 1408 1030 1469 ἦλθον
1062 1416 1123 1461 εἷς
1155 1413 1322 1468 ἀνδρῶν
1353 1415 1568 1470 μυριάδας
1601 1421 1740 1459 εἴκοσι
1764 1420 1891 1459 πέντε
1913 1420 2021 1470 (per—

222 1492 404 1525 venerum
443 1485 493 1524 ad
531 1485 725 1524 homimem
761 1486 866 1524 ouilia
907 1497 1101 1536 netnquam
1138 1487 1263 1523 minus
1302 1498 1320 1522 L
1358 1492 1389 1524 ec
1421 1490 1499 1531 cc).
1567 1487 1699 1527 Potest
1738 1488 1894 1539 quidem
1926 1489 2022 1538 βίος

221 1554 323 1593 idem
355 1567 439 1593 esse
470 1567 513 1593 ac
544 1556 659 1593 victus
690 1553 807 1605 (βίον
839 1551 950 1602 ἔχειν
981 1549 1071 1592 ἀπό
1102 1566 1219 1598 τινος
1250 1554 1308 1591 vel
1341 1551 1385 1591 εκ
1420 1556 1570 1606 τινος),
1612 1556 1673 1594 vix
1703 1569 1793 1595 vero
1823 1557 2020 1607 Augustus

222 1623 254 1662 si
286 1624 427 1662 Graece
458 1622 676 1674 scripsisset
707 1622 752 1660 de
785 1634 825 1660 se
857 1621 982 1660 dicere
1020 1628 1171 1673 poterat
1208 1622 1311 1672 quod
1351 1624 1541 1662 dicentem
1581 1636 1671 1662 eum
1708 1624 1798 1664 facit
1827 1625 2020 1676 interpres

222 1692 258 1739 8,
282 1693 306 1730 4
338 1689 506 1730 δώδεκα
538 1688 862 1743 σιτομετρήσεις
893 1689 938 1729 ἐκ
972 1690 1045 1730 τοῦ
1078 1684 1182 1741 ἐμοῦ
1206 1691 1306 1741 βίον
1338 1688 1619 1744 ἇπεμέιρησα
1649 1692 1858 1745 (frumento
1885 1695 2021 1744 priva-

222 1763 287 1800 tim
318 1759 512 1811 coempto).
572 1758 706 1797 Potest
736 1758 892 1808 quidem
924 1759 1148 1809 saepissime
1180 1760 1385 1811 accipiendi
1417 1760 1578 1798 verbum
1611 1758 1763 1812 λαβεῖν
1798 1760 1912 1807 verti,
1943 1773 2021 1799 non

221 1828 348 1880 potuit
390 1829 453 1874 11,
477 1827 528 1866 23
561 1826 634 1865 dici
669 1825 747 1872 τὰς
784 1827 845 1872 εἷς
885 1824 958 1865 τὸν
1004 1828 1220 1879 στέφανον
1258 1826 1520 1877 ἐπαγγελίας
1559 1824 1634 1866 οὒκ
1673 1823 1832 1880 ἔλαβον
1870 1841 1940 1880 pro
1977 1841 2021 1867 eo

221 1896 323 1947 quod
361 1902 419 1934 est
459 1892 508 1935 οὗ
545 1891 890 1947 προσεδεξάμην.
965 1894 1096 1945 Longe
1136 1908 1224 1933 vero
1262 1896 1616 1935 luculentissimum
1662 1896 1862 1947 imperitae
1908 1896 2022 1935 huius

221 1960 507 2017 ἆκυρολογίας
538 1963 756 2014 exemplum
791 1968 893 2001 extat
927 1964 989 2009 11,
1012 1963 1076 2009 20,
1110 1963 1175 2001 ubi
1206 1976 1302 2014 quae
1335 1965 1487 2016 scripsit
1516 1965 1712 2015 Augustus
1740 1966 2026 2003 (turz'coronarz'

218 2033 341 2084 pondo
381 2035 535 2083 triyz'nta
575 2039 607 2070 et
642 2034 800 2083 quinque
837 2030 958 2070 millia
995 2034 1206 2082 municipiis
1241 2040 1273 2071 et
1313 2033 1451 2072 colonis
1483 2033 1615 2072 Italiae
1657 2032 1934 2083 conferentibus
1973 2032 2023 2071 acl

220 2100 428 2152 triumphos
458 2112 558 2139 meos
589 2102 759 2152 quintum
790 2099 917 2137 consul
946 2102 1091 2145 remisi,
1133 2112 1174 2138 ea
1206 2100 1397 2151 interpres
1437 2101 1491 2140 sic
1528 2099 1829 2152 repraesentavit
1860 2100 2022 2138 Graece:

221 2170 283 2216 εἷς
311 2169 497 2220 χρυσοῦν
529 2164 747 2220 σι’έᾳανον
768 2166 946 2219 λειιρῶν
969 2169 1233 2220 τρισμυρίων
1255 2167 1644 2219 πεντακισχειλίων
1675 2164 2023 2220 καταφερούσαις

219 2244 316 2284 ταῖς
354 2236 399 2276 ἐν
431 2234 591 2286 Ἰταλία
629 2235 876 2282 πολιτείαις
913 2235 983 2273 καὶ
1029 2233 1261 2285 ἀποικίαις
1307 2233 1666 2289 συνεχώρησα.
1740 2236 1909 2287 Apparet
1952 2236 2024 2274 hoc

219 2307 303 2345 loco
336 2312 575 2357 συγχωρεῖν
604 2317 683 2343 11011
703 2306 920 2344 remittendi
949 2307 1013 2345 sed
1041 2309 1284 2358 permittendi
1312 2307 1388 2346 vim
1420 2306 1560 2345 habere
1582 2306 1770 2357 planeque
1792 2304 2022 2344 contrariam

220 2388 263 2414 ac
299 2362 472 2413 voluerat
511 2373 676 2425 scriptor
716 2373 814 2412 effici
853 2375 1101 2413 sententiam.
1175 2376 1309 2415 Potest
1356 2388 1446 2414 sane
1488 2380 1724 2426 συγχωρεῖν
1761 2374 1862 2413 idem
1901 2373 2024 2412 valere

220 2443 322 2495 quod
353 2445 560 2487 remittere,
600 2442 665 2481 sed
697 2441 899 2493 pecuniam
934 2443 1098 2482 oblatam
1142 2444 1219 2483 sive
1252 2444 1419 2483 debitam
1451 2442 1649 2481 remittere
1681 2443 1821 2481 Graece
1859 2454 1936 2480 non
1967 2447 2026 2479 est

221 2517 458 2562 συγχωρεῖν
495 2511 560 2549 sed
604 2511 813 2563 μεθιέναι
855 2510 1012 2559 (Herod.
1044 2511 1091 2549 VI
1123 2512 1204 2562 59).
1272 2511 1373 2550 Ilaec
1411 2510 1558 2557 01111113,
1597 2524 1695 2561 quae
1734 2511 1839 2549 nullo
1871 2508 2024 2560 negotio

220 2580 351 2631 augeri
390 2584 585 2631 poterant,
628 2579 659 2618 si
701 2591 788 2617 cum
822 2579 1068 2630 paucissimis
1107 2592 1213 2619 rarae
1251 2581 1461 2631 elegantiae
1501 2579 1686 2630 exemplis
1727 2577 1935 2617 contuleris
1971 2599 2026 2605 —-

220 2649 305 2688 vide
344 2654 432 2686 ante
473 2647 603 2686 01111113
645 2648 706 2694 14,
730 2646 779 2685 21
816 2646 1025 2694 πλείστας
1066 2646 1218 2694 πόλεις
1259 2644 1554 2700 δοριαλώτους
1593 2644 1745 2696 ἐλαβεν
1784 2644 2026 2696 (simpliciter

221 2717 420 2768 Augustus
460 2716 656 2766 complura
695 2716 830 2766 oppida
869 2715 992 2766 capta)
1024 2738 1079 2744 --
1110 2716 1171 2754 vix
1211 2715 1358 2766 poteris
1400 2715 1660 2766 suspicionem
1702 2714 1834 2766 procul
1872 2713 2024 2759 habere,

222 2786 474 2836 interpretem
508 2783 678 2822 adhibito
710 2782 895 2834 glossario
927 2796 1007 2821 rem
1041 2783 1226 2833 gessisse:
1268 2796 1311 2821 ex
1358 2783 1543 2833 glossario
1574 2789 1725 2834 poterat
1754 2788 1884 2833 petere
1921 2794 2024 2820 rem-

218 2853 410 2905 publicam
440 2851 667 2902 explicatam
700 2850 753 2889 τα
781 2850 907 2890 κοινὰ
940 2849 1188 2903 πράγματα,
1216 2851 1397 2902 perficere
1428 2849 1578 2897 τελεῖν,
1609 2850 1806 2900 adsignare
1835 2846 2026 2901 μερίζειν

223 2921 281 2969 (8,
307 2919 394 2971 22),
433 2918 616 2958 rebellare
660 2914 954 2970 ἀντιπολεμεῖν
993 2919 1076 2969 (15,
1099 2918 1136 2965 8,
1176 2919 1242 2957 ubi
1285 2919 1448 2957 debebat
1487 2916 1752 2970 νεωτερίζειν
1783 2916 1944 2967 dice1·e);
1980 2929 2027 2955 ex

223 2988 407 3041 glossario
439 2986 558 3027 etiam
589 2986 981 3037 interpretamentum
1014 2986 1183 3038 sumpsit
1216 2986 1278 3033 18,
1305 2987 1323 3024 1
1359 2984 1380 3026 ὁ
1414 2985 1587 3039 δρύινος
1618 2986 1827 3038 στέφανος
1849 2982 1870 3024 ὁ
1902 2983 2026 3024 διδό-

223 3071 348 3109 μενος
393 3054 468 3096 ἐπὶ
514 3055 706 3107 σωτηρίᾳ
750 3055 834 3095 τῶν
880 3053 1072 3095 πολιτῶν
1116 3056 1273 3105 (corona
1315 3057 1433 3094 civica
1479 3054 1685 3106 scripserat
1728 3053 1941 3103 Augustus)
1990 3058 2028 3091 et
