2430 3394
433 139 486 177 56
1230 129 1299 171 ΙΠ,
1330 130 1417 164 1-6

432 268 519 294 rum
560 266 636 292 non
681 253 758 291 sint
794 253 866 291 nisi
909 252 1081 304 ipsorum
1123 250 1297 301 equitum
1330 248 1467 293 duces,
1509 247 1590 286 fieri
1621 260 1698 286 non
1730 254 1869 299 potest,
1905 247 1998 298 quin
2031 248 2145 286 etiam
2177 249 2223 287 ad

433 324 577 362 seviros
608 322 660 360 illi
693 321 885 373 principes
915 318 1200 371 quodammodo
1238 315 1497 368 pertinuerint
1534 322 1573 355 et
1609 315 1710 354 inter
1747 328 1810 353 eos
1848 316 2094 367 potissimum
2127 316 2224 355 emi-

434 391 603 431 nuerint.
663 390 793 442 Neque
832 390 914 429 eius
945 385 1227 428 coniunctionis
1255 390 1481 435 argumenta
1514 383 1709 429 deficiunt,
1741 389 1843 422 recte
1874 385 2057 436 explicata
2083 398 2103 423 a
2124 384 2225 423 Mar-

434 459 611 511 quardtio
643 459 749 510 (bist.
772 472 830 509 eq.
853 471 888 510 p.
913 458 994 506 76).
1054 456 1108 494 Ita
1136 443 1306 492 'Zonaras
1337 453 1394 491 vel
1425 452 1553 504 potius
1585 452 1654 491 Dio
1684 452 1767 491 loco
1802 452 1918 492 modo
1949 454 2073 492 adlato
2103 452 2228 504 iungit

436 529 693 581 principatum
734 526 945 567 iuventutis
986 531 1024 563 et
1064 523 1272 563 seviratum
1312 528 1479 569 turmae3
1519 521 1569 561 ita
1606 520 1655 559 M.
1679 520 1877 560 Aurelium
1906 522 2107 561 Caesarem
2138 533 2227 561 cum

436 597 505 637 Dio
537 599 601 643 71,
635 597 686 634 :35
725 596 866 636 scribat
899 600 1093 644 tamquam
1125 590 1339 643 principem
1371 589 1561 641 equestris
1593 589 1739 628 ordinis
1770 587 2021 643 (πρόκριτοι)
2050 590 2122 643 τῆς
2155 587 2230 630 ἳπ-

439 663 596 717 πτὲδος)
628 678 716 704 011111
750 663 906 714 reliquis
938 660 1131 712 equitibus
1163 672 1345 711 pompam
1378 658 1546 705 duxisse,
1579 659 1812 710 biographus
1844 658 1926 697 eius
1957 671 1989 697 c.
2013 659 2037 698 6
2069 658 2229 698 eandem

438 735 520 773 sine
552 734 668 773 dubio
698 746 779 772 roni
814 733 867 771 sic
897 732 1007 769 essert
1028 728 1195 768 sevirum
1229 741 1318 767 eum
1350 734 1519 767 creatum
1553 740 1636 766 csse
1669 726 1809 766 turmis
1836 726 2011 777 equitum
2034 725 2231 765 Romano-

439 817 540 843 rum.
593 804 718 850 Quare
750 800 940 853 principes
972 798 1184 837 iuventutis
1215 796 1349 836 aetatis
1380 795 1650 848 imperatoriae
1680 794 1930 847 probabiliter
1958 800 2183 846 repetentur
2213 807 2232 834 a

442 872 575 911 sex-iris
607 871 679 910 illis
712 866 1044 919 veu1stissimis1).
1095 865 1254 917 Equites
1285 872 1413 904 autem
1446 864 1608 903 Romani
1642 863 1839 903 turmatim
1870 862 2036 902 ordinati
2057 863 2235 902 videntur

445 942 564 980 fnisse
603 939 839 991 singulisque
879 936 1017 976 turmis
1048 948 1212 975 numero
1243 934 1521 986 quinquaginta
1551 938 1734 984 quattuor
1764 932 1977 985 praefuisse
2008 932 2235 972 decuriones

442 1010 541 1050 terni
577 1016 613 1047 et
651 1008 826 1059 optiones
861 1006 978 1047 terni,
1016 1004 1083 1055 qui
1121 1010 1213 1043 sunt
1249 1003 1323 1055 ipsi
1360 1002 1414 1041 illi
1451 1001 1564 1041 seviri
1603 1007 1652 1051 (v.
1681 1001 1771 1040 hist.
1800 1001 1911 1040 Rom.
1942 1014 2049 1040 meae
2086 1001 2158 1040 vol.
2190 1002 2235 1040 17

444 1092 479 1130 p.
505 1076 622 1127 786);
660 1076 761 1115 unde
799 1075 862 1126 qui
904 1072 1322 1113 honorificentissimus
1359 1071 1466 1110 locus
1504 1076 1585 1109 erat
1625 1070 1664 1109 iu
1705 1070 1839 1109 ordine
1879 1069 2049 1121 equestri
2091 1070 2237 1121 primae

451 1154 597 1185 turmae
642 1145 759 1184 trium
801 1143 1068 1189 decurionum,
1100 1154 1189 1181 eum
1222 1141 1400 1180 videntur
1431 1153 1638 1192 occupasse
1670 1139 1785 1179 Gaius
1817 1145 1855 1178 et
1884 1138 2026 1178 Lucius
2058 1138 2237 1178 Caesares

445 1214 658 1265 reliquique
698 1212 890 1265 principes
930 1210 1153 1251 iuventutis.
1220 1210 1317 1249 Nam
1357 1210 1486 1262 plures
1526 1208 1642 1248 simul
1674 1208 1866 1260 principes
1912 1206 2124 1246 iuventutis
2155 1219 2239 1246 esse

445 1283 617 1335 potuisse
648 1283 916 1321 demonstrant
946 1287 1023 1320 tam
1054 1280 1127 1332 ipsi
1159 1280 1204 1318 de
1235 1279 1376 1331 quibus
1398 1278 1546 1330 agimus
1569 1290 1684 1329 quam
1707 1284 1839 1329 postea
1860 1276 2075 1329 imperante
2096 1276 2240 1328 Vespa-

446 1354 554 1391 siano
587 1352 766 1390 Caesares
798 1350 907 1390 Titus
939 1356 976 1389 et
1006 1348 1262 1388 Domitianus.
1317 1347 1452 1387 Fuisse
1484 1353 1613 1386 autem
1646 1359 1711 1386 eos
1743 1346 1773 1385 si
1805 1358 1882 1385 non
1915 1351 2005 1393 tres,
2037 1350 2166 1384 tamen
2196 1357 2241 1383 ex

450 1421 586 1468 tribus,
620 1419 789 1459 ostendit
821 1420 986 1472 scriptor
1015 1418 1113 1458 vitae
1135 1417 1337 1457 Commodi
1359 1430 1390 1456 c.
1416 1418 1434 1455 1
1452 1429 1460 1455 z
1493 1423 1683 1468 cooptatus
1702 1422 1754 1456 esc
1775 1418 1873 1456 inter
1893 1422 1966 1454 tres
1986 1414 2082 1454 solos
2103 1413 2240 1465 (immo

450 1648 510 1680 que
536 1636 725 1669 iuventutis
752 1646 827 1668 esse
859 1635 1030 1667 desineret
1061 1645 1199 1667 necesse
1232 1639 1320 1675 erat3
1353 1634 1450 1676 idque
1482 1643 1562 1665 vere
1596 1633 1643 1664 ita
1669 1631 1824 1663 evenisse
1856 1631 1948 1662 clare
1974 1631 2123 1663 ostendit
2147 1640 2245 1662 arcus

450 1696 643 1729 Ticinensis
669 1696 716 1736 (C.
736 1696 775 1728 V.
802 1694 903 1737 6416)
929 1694 1099 1726 dedicatus
1132 1691 1216 1723 Gaio
1248 1696 1282 1723 et
1306 1691 1411 1723 Lucio
1443 1696 1517 1733 post
1542 1695 1683 1721 mortem
1707 1689 1882 1730 utriusque
1910 1694 1943 1720 et
1970 1699 2033 1719 non
2058 1688 2166 1729 illum,
2191 1687 2246 1730 qui

452 1755 539 1786 diem
569 1752 702 1785 functus
729 1757 779 1785 est
806 1752 1006 1791 consularis,
1032 1751 1091 1783 sed
1115 1750 1201 1781 hunc
1220 1749 1337 1789 solum,
1363 1748 1419 1791 qui
1437 1758 1537 1790 eques
1556 1746 1719 1778 Romanus
1739 1746 1834 1784 obiit,
1860 1744 2043 1787 principem
2061 1744 2247 1777 iuventutis

452 1810 633 1853 appellans.
688 1810 779 1852 Quod
810 1814 1040 1850 argumentum
1066 1808 1227 1850 quomodo
1254 1804 1478 1846 subterfugiat
1503 1804 1661 1844 1100111113,
1688 1802 1816 1835 referre
1844 1802 2056 1845 supersedeo,
2094 1801 2248 1833 Afferens

453 1873 561 1899 antem
586 1868 706 1900 titulos
732 1878 795 1899 non
822 1878 956 1910 paucos,
982 1867 1036 1909 qui
1062 1866 1097 1898 C.
1116 1864 1252 1897 Caesari
1278 1863 1378 1895 ctiam
1405 1868 1479 1906 post
1503 1864 1660 1895 honorem
1688 1860 1959 1903 proconsularem
1984 1860 2138 1901 adeptum
2155 1859 2247 1902 prin-

454 1926 596 1968 cipatum
625 1925 813 1958 iuventutis
838 1924 1042 1964 adscribunt⁷
1069 1928 1103 1955 et
1127 1922 1169 1954 iis
1196 1921 1396 1954 sententiam
1422 1921 1516 1953 illam
1541 1925 1636 1951 ratus
1662 1917 1788 1959 refelli,
1822 1928 1891 1949 rem
1918 1917 1957 1949 110
1983 1927 2045 1958 qua
2071 1916 2181 1958 agitur
2207 1926 2246 1948 ne

454 1983 507 2015 hic
531 1983 660 2025 quidem
679 1982 860 2025 perspexit.
900 1982 982 2014 Nam
1001 1982 1145 2013 honores
1171 1980 1272 2012 etiam
1298 1979 1469 2021 depositos
1486 1977 1581 2010 tituli
1608 1977 1710 2017 vulgo
1731 1975 1905 2008 enuntiant
1930 1984 2034 2016 neque
2052 1974 2139 2016 111110,
2165 1973 2248 2016 quod

454 2041 636 2083 principem
667 2040 857 2072 iuventutis
894 2049 965 2071 eum
1004 2043 1080 2081 post
1115 2042 1257 2070 mortem
1293 2036 1481 2079 appellant,
1518 2035 1587 2067 ullo
1624 2035 1719 2065 modo
1758 2031 1904 2065 efficitur
1943 2041 2014 2064 eum
2050 2031 2248 2064 morientem

456 2108 529 2130 eum
553 2098 662 2129 10011111
695 2097 899 2138 obtinuisse,
934 2101 969 2128 ut
1001 2106 1074 2128 eum
1100 2095 1268 2127 consulem
1293 2093 1499 2137 appellantes
1526 2104 1589 2124 non
1615 2092 1720 2132 magis
1745 2095 1869 2132 negant
1894 2089 2018 2121 obiisse
2045 2093 2120 2131 post
2143 2087 2249 2121 fasces

458 2156 639 2197 depositos.
697 2155 760 2187 Sed
799 2154 923 2196 equitis
964 2153 1102 2185 Romani
1143 2152 1296 2184 condicio
1338 2152 1399 2183 hoc
1436 2151 1607 2193 proprium
1644 2148 1761 2189 habet,
1797 2148 1881 2189 quod
1922 2147 1978 2188 qui
2018 2156 2060 2179 ex
2101 2146 2251 2188 equestri

459 2214 574 2245 ordine
599 2213 639 2244 ad
667 2212 872 2244 senatorium
898 2216 1141 2254 pervenerunt,
1167 2210 1222 2252 11111
1248 2209 1370 2241 30111113
1398 2214 1449 2240 031
1474 2209 1634 2239 honorum
1661 2207 1742 2238 ordo
1768 2206 1853 2248 apud
1878 2204 2062 2246 Romanos,
2087 2214 2151 2235 uno
2177 2203 2250 2236 solo

459 2271 612 2313 exemplo
639 2274 776 2312 excepto
805 2269 853 2308 (C.
872 2268 926 2309 w,
947 2268 1047 2311 1421)
1073 2267 1195 2310 equitis
1221 2266 1359 2298 Romani
1387 2265 1549 2298 vocabulo
1577 2264 1746 2296 abstinent
1770 2273 1873 2305 neque
1898 2262 2009 2294 cursui
2033 2262 2193 2293 honorum
2217 2261 2252 2292 id

459 2329 622 2360 inserunt.
672 2327 706 2359 Id
742 2327 848 2369 ipsum
879 2326 1052 2358 severiore
1083 2326 1159 2366 lege
1195 2325 1295 2356 etiam
1327 2323 1368 2355 ad
1398 2323 1619 2365 principatum
1651 2321 1839 2353 iuventutis
1870 2319 2074 2363 pertinuisse
2100 2329 2141 2350 ex
2173 2329 2252 2350 arcu

459 2385 632 2418 Ticinensi
657 2384 872 2425 intellegitur
890 2394 995 2426 neque
1013 2384 1088 2416 inde
1106 2382 1177 2414 ullo
1195 2383 1289 2414 modo
1308 2380 1516 2420 infringitur,
1541 2379 1625 2421 quod
1643 2389 1746 2421 prona
1764 2378 1911 2411 adulatio
1930 2382 1964 2409 et
1981 2376 2156 2409 remissior
2173 2386 2252 2408 usus

462 2449 590 2476 mature
622 2446 808 2484 equestrem
838 2441 1061 2483 principatum
1090 2441 1129 2473 ab
1156 2440 1274 2472 ordine
1298 2440 1460 2471 honorum
1485 2437 1603 2470 abesse
1630 2437 1748 2469 noluit.
1795 2434 1990 2468 Posteriore
2015 2438 2124 2466 aetate
2150 2434 2254 2476 ipsam

461 2501 566 2541 legem
598 2499 692 2531 illam
724 2499 953 2531 oblitteratam
987 2508 1061 2530 0330
1094 2503 1127 2530 01
1163 2497 1383 2539 principatum
1416 2495 1603 2528 iuventutis
1634 2494 1707 2535 geri
1738 2504 1802 2525 non
1835 2492 1976 2526 desitum
2002 2496 2077 2534 post
2101 2491 2255 2534 adeptum

462 2558 571 2589 locum
597 2557 801 2589 senatorium
828 2556 967 2598 primum
994 2556 1027 2587 in
1054 2555 1243 2587 Domitiano
1270 2557 1408 2596 apparet
1435 2557 1467 2584 et
1493 2553 1646 2594 deinceps
1672 2551 1806 2583 mansit.

595 2615 623 2655 1)
656 2614 719 2656 Qui
750 2614 830 2646 haec
859 2612 924 2645 sibi
956 2622 1058 2654 nuper
1090 2612 1265 2645 refutanda
1297 2611 1438 2653 sumpsit
1469 2610 1555 2641 idem
1582 2607 1728 2641 h'ochius
1754 2609 1777 2641 1.
1803 2619 1830 2640 0.
1849 2619 1879 2651 p.
1900 2608 1939 2640 10
1965 2617 2030 2650 seq.
2056 2607 2256 2640 sententiam

464 2683 566 2704 meam
598 2677 634 2704 ut
652 2676 823 2704 everteret
855 2671 1038 2713 pervertit:
1071 2680 1172 2712 neque
1210 2670 1296 2701 enim
1327 2669 1389 2699 1100
1420 2667 1487 2699 dixi
1519 2667 1656 2698 eundem
1689 2676 1763 2698 esse
1795 2666 1942 2697 sevirum
1969 2665 2113 2708 equitum
2139 2665 2257 2697 Roma-

466 2741 580 2762 norum
610 2735 642 2762 et
670 2729 853 2772 principem
882 2728 1087 2768 iuventutis,
1123 2728 1179 2759 sed
1208 2727 1418 2759 coniunctum
1450 2724 1554 2756 fuisse
1584 2728 1759 2765 utrumque
1794 2724 1964 2754 honorem.
2017 2720 2157 2754 Scilicet
2185 2732 2258 2754 cum

468 2789 575 2820 seviri
607 2791 804 2830 praeessent
829 2786 937 2818 ordini
964 2785 1131 2827 equestri,
1164 2784 1319 2826 princeps
1345 2788 1454 2814 autem
1481 2781 1663 2814 iuventutis
1690 2781 1767 2813 item
1792 2779 1931 2822 primum
1954 2780 2064 2812 10011111
2090 2779 2260 2811 obtineret

468 2845 556 2876 inter
590 2844 717 2875 nobiles
750 2842 913 2875 Romanos
947 2842 1087 2874 nondum
1119 2842 1251 2874 senatui
1287 2841 1492 2882 adscriptos,
1535 2838 1728 2871 necessario
1762 2838 1916 2879 sequitur
1949 2837 2086 2868 eundem
2120 2836 2258 2879 primum

470 2901 578 2933 locum
605 2902 693 2933 inter
719 2901 851 2933 seviros
879 2900 1082 2939 obtinuisse,
1109 2898 1205 2941 idque
1230 2898 1336 2940 ipsum
1363 2897 1429 2929 loci
1456 2906 1556 2939 supra
1581 2896 1679 2927 allati
1705 2895 1802 2938 plane
1826 2894 2033 2933 confirmant,
2059 2893 2257 2936 praesertim

471 2958 646 2990 secundus.
697 2957 780 2990 Nam
812 2958 965 3000 princeps
998 2956 1184 2988 iuventutis
1210 2955 1281 2987 sive
1306 2948 1498 3000 πρόκριτος
1522 2953 1583 2992 τῆς
1605 2947 1771 2993 νεότητος
1797 2957 1831 2984 01
1855 2950 1946 2983 sevir
1971 2951 2118 2993 equitum
2141 2950 2260 2982 Roma—

472 3026 603 3056 norum,
634 3015 719 3048 alias
751 3015 849 3048 Dioni
874 3014 1062 3057 appellatus
1088 3010 1287 3057 ᾳύλλιρχος,
1310 3017 1425 3055 aperte
1451 3011 1497 3043 ibi
1523 3011 1732 3051 coaluerunt,
1763 3013 1799 3040 ut
1824 3009 1871 3040 ita
1897 3008 2050 3050 prodiret
2072 3002 2262 3054 πρόκριτος

469 3075 528 3115 τῆς
553 3067 722 3109 ἱππάδος.
