2430 3394
437 123 518 162 164
1072 119 1111 153 P.
1133 118 1342 154 SVLPICII
1368 117 1579 158 QVIRINII

432 238 574 276 Dionis.
635 238 796 289 Agrippa
828 238 874 276 ab
905 238 1077 289 Augusto
1108 251 1139 276 a.
1164 237 1239 275 731.
1274 238 1310 275 in
1345 236 1491 288 Syriam
1525 237 1684 283 missus,
1722 238 1787 276 sub
1817 241 1942 289 specie,
1975 245 2016 277 ut
2046 239 2098 278 ait
2128 239 2214 277 Vel-

430 306 526 345 leius
548 306 584 353 2,
608 306 672 353 93,
704 309 993 346 ministeriorum
1023 307 1299 357 principalium,
1331 318 1375 343 00
1402 305 1544 355 legatos
1566 305 1619 343 ire
1642 305 1754 344 iussit
1776 305 1861 356 (Dio
1884 306 1947 353 53,
1971 307 2043 345 32:
2076 305 2215 345 ἐκεῖσε

430 373 506 426 μὲν
550 372 648 420 τοὺς
691 369 1042 427 ὑποστρατήγους
1084 372 1303 427 ἔπεμψεν,
1351 376 1396 412 ct'.
1420 373 1645 413 staats-recht
1675 374 1699 411 2
1732 388 1765 424 p.
1790 374 1896 413 1099
1927 375 2011 413 adn.
2038 375 2095 426 1),
2134 376 2216 425 ipse

431 442 543 482 Lesbi
574 443 727 491 mansit,
760 444 881 482 donoc
908 456 940 481 a.
965 442 1042 481 733
1076 448 1273 481 revocatus
1310 448 1368 480 est
1405 441 1565 492 urbique
1606 442 1847 493 praepositus
1880 442 1963 491 (Dio
1995 444 2059 490 54,
2090 444 2132 481 5:
2174 442 2215 489 ἐς

429 510 505 564 τὴν
547 508 709 565 Ῥώμην
742 542 750 550 .
775 542 783 550 .
807 542 815 550 .
849 510 921 550 ἐπὶ
964 512 1013 565 ιῆ
1052 512 1124 563 τῆς
1162 509 1331 557 πόλεως
1372 509 1632 561 διαχειρίσει
1672 509 1868 563 ἔπεμψεν
1913 514 1958 549 cf.
1986 512 2065 559 11).
2131 513 2215 558 Quo

430 585 603 631 tempore
643 580 840 630 Augustus
886 592 1066 630 praesens
1113 578 1283 616 Orientis
1327 589 1389 616 res
1430 579 1650 625 ordinabat,
1696 592 1727 618 a.
1761 579 1839 617 734
1883 579 2046 631 Agrippa
2088 579 2216 618 Galliis

429 650 644 700 praefectus
676 649 761 699 (Dio
793 649 858 693 54,
889 649 951 685 11:
989 653 1085 693 ταῖς
1124 645 1353 694 ratem-tam
1383 645 1686 700 προσετάχθη)
1717 648 1773 686 vel
1807 648 1932 698 potius
1964 647 2079 686 rebus
2102 648 2215 687 Occi-

429 716 552 755 dentis
581 729 705 767 neque
736 717 781 754 ad
813 722 986 754 senatum
1020 716 1168 754 rettulit
1189 716 1237 754 ob
1260 729 1319 754 res
1341 716 1379 754 in
1403 716 1582 767 Hispania
1613 722 1739 767 gestas
1771 729 1802 754 a.
1823 716 1915 763 735,
1947 728 2035 754 011111
2067 722 2212 766 1105501,

428 798 551 836 neque
583 785 780 823 decretum
812 784 858 821 ab
889 796 932 821 00
967 784 1205 834 triumphum
1239 784 1384 835 accepit
1415 784 1500 834 (Dio
1532 786 1602 832 54,
1630 786 1707 831 11).
1768 785 1916 823 Rursus
1949 784 1986 822 111
2018 784 2214 823 Orientem

428 854 570 892 missus
602 866 633 891 a.
658 852 735 891 737
777 851 924 903 Syriam
963 851 1054 890 adiit
1090 852 1352 904 Ilierostdyma
1393 866 1515 903 usque
1551 855 1746 904 profectus
1785 853 1985 904 (Iosephus
2024 852 2086 899 16,
2110 852 2146 899 2,
2174 854 2215 900 1;

427 922 536 960 Ρ11110
566 922 635 972 leg.
658 921 702 959 ad
736 921 872 959 Gaium
905 919 987 966 37),
1020 934 1038 959 a
1073 921 1267 973 triumpho
1297 928 1426 961 autem
1466 923 1618 961 decreto
1649 935 1681 960 a.
1706 922 1784 960 740
1817 921 1993 960 similiter
2029 921 2216 960 abstinuit

429 990 513 1040 (Dio
537 991 600 1036 54,
625 988 707 1039 24).
768 988 866 1027 Hinc
897 988 979 1026 iure
1011 989 1234 1040 colligemus
1266 989 1470 1041 Agrippam
1504 990 1559 1028 vel
1591 995 1676 1029 ante
1710 990 1955 1029 tribuniciam
1986 995 2213 1041 potestatem

427 1059 553 1097 datam
586 1070 826 1108 nequaquam
860 1056 970 1107 legati
1001 1057 1125 1095 10011111
1166 1057 1399 1104 obtinuisse,
1436 1070 1523 1095 nam
1563 1058 1710 1108 legatus
1749 1060 1794 1097 de
1831 1059 1946 1097 rebus
1987 1057 2102 1109 gestis
2138 1070 2215 1096 non

426 1127 470 1165 ad
504 1132 681 1165 senatum
714 1128 849 1172 refert,
889 1125 954 1163 sed
986 1125 1206 1177 imperatori
1238 1139 1307 1164 5110
1338 1139 1401 1164 035
1432 1127 1644 1177 perscribit,
1684 1140 1807 1178 neque
1838 1128 1908 1166 hac
1939 1132 2059 1165 aetate
2090 1126 2151 1164 ius
2181 1126 2215 1164 ei

425 1201 484 1234 est
519 1195 781 1245 triumphandi
819 1194 1058 1243 (Staatsreclzc
1084 1196 1118 1239 1,
1153 1194 1254 1243 127),
1298 1207 1421 1245 neque
1462 1196 1541 1246 ipse
1578 1196 1721 1246 legatos
1754 1196 1892 1234 habere
1933 1201 2080 1246 potest,
2118 1207 2215 1245 quos

425 1269 553 1302 tamen
584 1263 744 1302 Dionem
777 1262 941 1301 vidimus
972 1263 1159 1314 Agrippae
1196 1262 1375 1301 tribuere.
1433 1262 1603 1314 Denique
1633 1265 1811 1303 universa
1832 1264 2020 1315 Agrippae
2042 1263 2215 1302 condicio

425 1332 489 1383 (cf.
514 1332 741 1383 praesertim
772 1331 841 1370 Dio
873 1331 937 1378 53,
965 1332 1002 1369 l:
1037 1330 1193 1384 σκηνὴν
1231 1328 1364 1370 ὁπότε
1403 1330 1758 1384 σινσῐραῑεύοινῑο
1791 1330 1950 1385 ὁμοίαν
1980 1333 2029 1389 τῇ
2062 1330 2217 1372 ἑαυτοῦ

426 1407 607 1453 παρεῖχε
647 1398 694 1439 τὸ
734 1415 779 1438 τε
817 1398 1023 1452 σύνθημα
1055 1399 1155 1452 παρ’
1194 1396 1448 1452 ἆμφοῑέρων
1481 1401 1603 1453 σφῶν
1633 1399 1826 1452 ἐδίδοτο)
1860 1402 2022 1452 collegae
2054 1400 2215 1440 minoris

428 1469 549 1520 magis
590 1475 648 1508 est
687 1481 802 1520 quam
841 1468 1044 1513 adiutoris,
1085 1469 1263 1519 quodque
1295 1468 1419 1507 officio
1450 1469 1626 1519 fungitur
1657 1470 1771 1508 modo
1802 1470 1840 1508 in
1874 1470 1989 1515 urbe,
2029 1469 2143 1508 modo
2174 1468 2214 1507 in

428 1537 598 1584 Oriente,
631 1538 745 1576 modo
776 1537 815 1575 in
848 1537 1065 1583 Occidente,
1098 1537 1337 1575 demonstrat
1368 1537 1428 1575 ius
1459 1537 1492 1575 ei
1536 1538 1767 1588 permissum
1800 1539 1845 1576 ad
1876 1538 2095 1577 universam
2132 1550 2213 1576 rem

424 1606 636 1645 Romanam
682 1605 825 1657 pariter
869 1605 1023 1657 porrigi.
1055 1630 1108 1633 —
1140 1606 1240 1644 llaec
1285 1605 1316 1643 si
1354 1605 1403 1644 ita
1436 1618 1475 1644 50
1507 1606 1669 1653 habent,
1716 1607 1816 1645 inter
1860 1607 2053 1657 praesides
2086 1606 2214 1658 Syriae

424 1675 612 1726 Agrippae
642 1687 719 1712 non
752 1673 871 1724 inagis
902 1674 1008 1712 locus
1040 1680 1098 1712 051
1128 1686 1241 1724 quam
1266 1674 1337 1725 ipsi
1359 1674 1544 1724 Augusto,
1576 1681 1613 1713 et
1644 1676 1789 1725 integra
1821 1682 1997 1727 superest
2027 1675 2212 1727 quaestio,

424 1743 581 1794 quinam
613 1742 779 1794 Agrippa
810 1743 894 1781 vivo
928 1742 1056 1793 Syriae
1088 1743 1334 1793 praefuerint.
1395 1743 1473 1781 Iam
1506 1743 1536 1781 si
1574 1743 1625 1781 ita
1655 1755 1699 1781 eo
1737 1749 1910 1794 tempore
1950 1756 2011 1782 res
2044 1743 2213 1782 Orientis

424 1812 710 1851 administratae
742 1816 845 1857 sunt,
879 1816 922 1849 ut
952 1810 1023 1849 sub
1062 1811 1215 1850 Tiberio
1256 1813 1398 1850 factum
1439 1818 1497 1850 est
1528 1811 1754 1850 Germanico
1793 1824 1880 1851 011111
1922 1812 2083 1863 imperio
2122 1824 2213 1863 pro-

423 1880 615 1919 consulari
648 1880 765 1918 misso
797 1880 842 1918 ad
873 1892 936 1918 eas
967 1879 1208 1926 ordinandas,
1241 1880 1351 1919 Asiae
1384 1886 1421 1918 et
1452 1879 1651 1931 Bithyniae
1690 1885 1771 1918 tum
1810 1881 2059 1932 proconsules
2100 1893 2213 1932 prae-

413 1945 593 1996 fuerunt,
625 1949 772 1999 legatus
804 1947 966 1998 Augusti
999 1948 1141 1999 Syriae,
1177 1948 1229 1986 ita
1266 1954 1309 1987 111
1348 1961 1483 1987 01111105
1512 1949 1685 1999 Augusto
1716 1949 1949 2000 Agrippaeve
1987 1949 2064 1987 sive
2102 1961 2213 2000 prae-

423 2017 597 2056 sentibus
629 2017 706 2055 sive
736 2016 961 2055 absentibus
993 2017 1093 2055 dicto
1124 2017 1323 2056 audientes
1353 2023 1494 2061 essent,
1535 2017 1608 2068 ipsi
1646 2023 1775 2056 autem
1821 2018 1880 2056 1115
1916 2017 2101 2056 haberent
2145 2030 2213 2069 per

423 2099 462 2125 se
493 2098 570 2125 non
602 2085 869 2124 imminutum.
930 2086 977 2124 At
1007 2085 1196 2123 eiusmodi
1227 2098 1357 2124 rerum
1389 2086 1613 2125 constitutio
1645 2092 1688 2125 ut
1717 2086 1755 2125 in
1783 2086 1988 2137 provinciis
2011 2086 2212 2125 senatoriis

422 2154 580 2193 omnino
603 2160 685 2193 tum
708 2154 835 2193 locum
855 2154 999 2199 habuit,
1023 2155 1074 2193 ita
1095 2160 1223 2205 partes
1245 2154 1468 2205 imperatori
1491 2167 1591 2193 anno
1610 2155 1689 2193 727
1708 2155 1935 2194 commissae
1956 2167 2034 2193 non
2056 2155 2102 2193 ab
2118 2154 2212 2206 ipsis

420 2222 540 2262 initiis
571 2236 615 2261 eo
646 2223 711 2274 qui
750 2229 882 2275 postea
920 2222 1195 2261 observabatur
1236 2223 1368 2261 ordine
1405 2222 1690 2262 administratae
1731 2223 1909 2262 videntur
1947 2236 2041 2262 esse.
2102 2223 2212 2262 Certe

421 2292 524 2342 quod
560 2292 716 2330 annales
755 2292 930 2331 scribunt
966 2304 1034 2343 per
1070 2291 1212 2341 legatos
1254 2304 1344 2330 suos
1375 2291 1581 2342 Agrippam
1613 2304 1672 2330 res
1707 2291 1878 2343 Syriacas
1909 2291 2210 2337 administrasse,

421 2372 441 2398 a
471 2359 694 2410 posterioris
717 2359 849 2398 aetatis
871 2360 1149 2399 consuetudine
1177 2360 1380 2407 abhorret,
1412 2359 1523 2410 legati
1545 2360 1647 2398 enim
1670 2372 1757 2399 cum
1782 2373 1934 2411 semper
1955 2360 2020 2399 uni
2041 2366 2210 2411 pareant,

420 2428 560 2478 collega
592 2427 719 2466 minor
749 2427 947 2479 potestatis
984 2429 1266 2479 proconsularis
1299 2429 1331 2467 si
1371 2428 1437 2479 qui
1476 2434 1552 2475 est,
1598 2434 1664 2467 aut
1708 2429 1840 2479 legatis
1886 2428 1965 2467 suis
2004 2435 2107 2468 caret
2145 2434 2211 2467 aut

420 2502 522 2535 certe
558 2509 654 2547 quos
686 2496 800 2535 habet
830 2497 1046 2548 provincias
1078 2510 1155 2536 non
1197 2497 1487 2543 administrant,
1526 2496 1591 2535 sed
1630 2503 1760 2536 manet
1800 2497 2084 2548 provinciarum
2117 2496 2210 2536 Cae-

421 2564 656 2604 sarianarum
704 2565 985 2604 administratio
1031 2566 1130 2617 apud
1175 2566 1318 2616 legatos
1365 2565 1528 2616 collegae
1574 2564 1742 2603 maioris.
1817 2564 1857 2602 ld
1902 2564 2028 2615 ipsum
2074 2570 2209 2604 natum

420 2636 580 2672 fortasse
619 2646 663 2671 ex
695 2633 838 2672 Tiberii
877 2640 1008 2672 contra
1046 2633 1317 2672 Germanicum
1355 2633 1495 2671 invidia
1535 2633 1604 2671 hac
1640 2638 1761 2671 aetate
1802 2645 1879 2671 non
1918 2632 2068 2671 videtur
2105 2632 2209 2671 01111ρ

419 2702 569 2750 nuisse,
609 2702 673 2741 sed
704 2702 869 2754 Agrippa
900 2715 987 2741 cum
1021 2703 1059 2741 in
1092 2701 1248 2740 Oriente
1283 2707 1363 2740 tum
1404 2701 1442 2740 in
1475 2701 1680 2740 Occidente
1718 2701 1768 2740 ita
1809 2714 1870 2740 res
1906 2700 2207 2748 administrasse,

420 2777 462 2810 ut
492 2772 688 2823 Augustus
719 2771 758 2810 in
788 2771 914 2809 locum
944 2771 1155 2822 legatorum
1179 2783 1224 2809 ex
1246 2783 1344 2809 novo
1367 2770 1501 2809 ordine
1523 2770 1790 2809 institutorum
1813 2769 1994 2820 collegam
2017 2769 2205 2808 minorem

420 2839 601 2880 mitteret.
656 2841 711 2879 Ita
746 2839 987 2890 aliquatenus
1024 2845 1240 2886 excusatur,
1273 2839 1376 2890 quod
1411 2839 1596 2890 Iosephus
1633 2839 1667 2877 ei
1703 2838 1962 2890 praesidatum
1999 2837 2206 2876 decennem

419 2909 702 2959 provinciarum
735 2916 841 2947 trans
877 2908 1028 2947 Ionium
1060 2921 1164 2947 mare
1196 2908 1341 2955 tribuit,
1389 2914 1426 2946 et
1456 2907 1677 2959 explicatur,
1723 2907 1825 2957 quod
1869 2919 1938 2957 per
1973 2906 2043 2945 hos
2087 2918 2206 2945 annos

418 2976 479 3015 vix
525 2977 591 3016 ulli
635 2978 747 3028 legati
792 2976 1054 3016 nominantur.
1127 2977 1223 3015 Nam
1268 2976 1320 3015 ita
1364 2976 1527 3027 Augusti
1578 2976 1690 3027 legati
1735 2975 1864 3027 Syriae
1907 2974 2003 3013 nulli
2051 2976 2206 3013 fuerunt

418 3057 486 3095 per
516 3058 548 3083 a.
582 3045 802 3084 731—733
834 3051 871 3084 et
904 3045 1142 3092 737—741,
1182 3047 1344 3084 fortasse
1384 3057 1462 3083 non
1501 3044 1621 3095 magis
1658 3056 1726 3095 per
1763 3057 1793 3082 a.
1820 3043 1912 3082 734.
1936 3041 2014 3081 735
2045 3042 2127 3094 ipso
2163 3042 2203 3080 in
