2430 3394
451 92 531 133 176
1085 88 1126 122 P.
1146 87 1354 124 SVLPICII
1380 87 1590 128 QVIRINH

445 207 520 256 τός
552 224 594 248 τε
617 207 748 255 ἄλλας
771 205 901 259 ἀρχὰς
922 206 1223 252 ἐπιτετελεκὼς
1245 205 1315 245 καὶ
1339 205 1415 245 δια
1437 207 1590 245 πασῶν
1612 204 1793 254 ὁδεύσας
1823 205 1981 256 ὕπατος
2008 211 2229 259 γενέσθαι,

445 275 498 316 τά
517 292 561 316 τε
583 274 692 315 ἄλλα
713 272 925 328 ἀξιώματι
947 277 1094 327 μέγας,
1128 274 1206 313 σὺν
1228 270 1391 323 ὀλίγοις
1418 273 1490 313 ἐπὶ
1515 276 1673 327 Συρίας
1704 276 1864 329 παρῆν,
1898 274 1984 317 ὑπὸ
2011 280 2231 329 Καίσαρος

446 343 722 398 δικαιοδότης
742 345 817 384 τοῦ
840 343 998 390 ἔθνους
1020 339 1342 394 ἀπεσταλμένος
1364 339 1436 381 καὶ
1457 341 1633 395 τιμητής
1654 344 1737 382 τῶν
1758 341 1917 384 οὐσιῶν
1933 344 2229 399 γενησόμενος,

445 413 609 464 denique
634 412 696 459 18,
715 413 752 458 2,
773 414 789 450 1
815 419 1016 464 postquam
1041 410 1260 457 Quirinium
1284 411 1618 449 commemoravit:
1652 411 1734 451 τῶν
1766 409 2068 467 ἀποτιμήσεων
2096 416 2231 467 πέρας

447 480 652 532 ἐχουσῶν,
685 482 735 519 αἳ
763 476 959 530 ἐγένοντο
983 480 1221 532 τριακοστῷ
1243 479 1311 517 καὶ
1338 477 1510 532 ἑβδόμῳ
1534 477 1616 518 ἔτει
1648 479 1755 532 μετα
1769 477 1998 521 ’Λντωνίου
2021 481 2065 522 ἐν
2079 479 2230 536 Ἀκτίῳ

446 544 574 603 ἧτταν
604 546 691 588 ὑπὸ
721 550 952 600 Καίσαρος,
985 549 1050 597 qui
1082 560 1204 586 annus
1236 553 1294 586 est
1316 548 1466 587 759110
1499 561 1535 586 11.
1559 561 1589 586 c.
1639 549 1709 588 Hic
1731 550 1833 588 enim
1856 563 1995 590 census
2016 564 2035 590 a
2053 552 2228 598 Quirinio

444 619 646 658 institutus
676 631 763 656 vere
794 611 941 669 primus
973 616 1056 661 suit,
1089 628 1203 667 quem
1236 616 1399 654 Romani
1430 617 1467 655 in
1500 616 1713 656 Palaestina
1745 620 1929 658 fecerunt.
1980 619 2037 658 Ad
2064 620 2229 658 eundem

444 700 601 726 censum
637 687 764 738 Syriae
796 692 896 724 recte
927 687 1143 723 referentur
1173 698 1269 736 quae
1301 685 1346 723 de
1378 697 1495 724 censu
1516 686 1802 737 Apamenorum
1835 687 1881 726 ad
1904 687 2089 726 Orontem
2122 688 2230 727 iussu

443 755 608 802 Quirinii
639 758 736 794 facto
767 754 806 792 in
840 754 949 792 titulo
981 754 1123 792 Veneto
1155 754 1286 805 (supra
1318 754 1470 805 11166)
1509 754 1726 793 1131111111111.
1786 754 1885 793 Ε11111
1916 767 2074 794 censum
2107 754 2230 794 Lucas

443 838 513 864 suo
544 836 673 862 errore
704 824 748 861 ad
781 823 913 861 orbem
936 828 1124 861 terrarum
1149 822 1329 868 extendit,
1361 835 1450 861 cum
1473 835 1560 861 vere
1582 822 1810 874 pertinuerit
1832 824 1877 862 ad
1900 823 2048 875 Syriam
2070 824 2228 876 provin-

442 893 537 932 ciam
571 892 708 938 solam3
740 891 831 930 item
865 903 992 930 errore
1028 891 1061 937 1,
1086 891 1108 929 5
1140 891 1268 942 posuit
1304 891 1396 929 haec
1426 891 1597 930 evenisse
1629 889 1673 930 ἐν
1703 898 1800 938 ταῖς
1832 889 2010 944 ἡμέραις
2038 888 2230 945 (Ηρώδου

444 961 520 1000 τοῦ
542 957 755 1011 βασιλέως
777 959 826 1011 τῆ
829 972 849 1005 ς
859 952 1089 1006 Ἰουδαίας,
1113 972 1200 997 611111
1220 959 1389 998 11610(165
1411 960 1616 998 excesserit
1637 972 1668 998 a.
1689 960 1767 998 750
1791 973 1877 999 vere
1896 960 2032 1008 (Ideler
2053 960 2229 1000 Chronol.

442 1029 478 1074 2,
498 1029 608 1079 390).
669 1028 732 1067 Bis
761 1040 912 1067 censam
942 1040 1024 1066 esse
1056 1027 1233 1066 Iudaeam
1263 1041 1282 1066 a
1304 1027 1480 1074 Quirinio
1511 1034 1549 1066 et
1578 1027 1747 1079 primum
1780 1028 1933 1079 quidem
1967 1042 2011 1067 eo
2044 1034 2229 1081 tempore,

443 1111 518 1149 quo
550 1111 569 1136 a
600 1097 784 1136 Romanis
815 1097 920 1135 nullo
954 1097 1067 1135 inodo
1099 1096 1244 1135 censeri
1276 1097 1401 1148 potuit
1432 1109 1605 1147 quaeque
1638 1096 1719 1135 eius
1757 1096 1907 1147 generis
1944 1096 2013 1135 alia
2050 1097 2229 1135 homines

442 1166 608 1217 theologi
638 1167 696 1205 vel
727 1178 804 1204 non
837 1166 1014 1216 theologi,
1047 1166 1112 1203 sed
1143 1165 1188 1203 ad
1220 1165 1342 1203 instar
1372 1165 1635 1216 theologorum
1659 1178 1704 1203 ex
1726 1165 1888 1204 vinculis
1911 1164 2230 1211 sermocinantes,

440 1248 485 1273 ex
516 1235 640 1274 Lucae
662 1234 846 1273 relatione
867 1234 965 1273 eftici
986 1247 1099 1285 posse
1122 1233 1194 1272 sihi
1215 1234 1400 1285 primuni,
1433 1247 1521 1272 mox
1543 1234 1626 1272 aliis
1648 1240 1935 1285 persuaserunt,
1968 1246 2099 1272 rerum
2122 1233 2229 1285 gnari

439 1316 680 1355 nequaquam
721 1309 909 1349 statuent,
957 1303 1022 1341 sed
1068 1303 1141 1341 hoc
1187 1309 1359 1341 statuent
1389 1303 1531 1341 Lucam
1576 1303 1613 1341 in
1653 1315 1782 1341 rerum
1822 1302 2007 1341 memoria
2046 1302 2227 1341 tradenda

438 1373 644 1424 Iosephum
677 1372 774 1411 male
805 1372 1031 1423 compilasse
1063 1378 1101 1410 et
1130 1384 1216 1410 vera
1256 1371 1360 1410 falsis
1398 1371 1612 1410 miscuisse.
1682 1370 1813 1421 Neque
1861 1372 1898 1410 id
1942 1383 2021 1409 non
2066 1370 2230 1422 pervidit

438 1442 554 1480 homo
586 1454 663 1480 non
695 1440 801 1480 rudis
833 1446 869 1479 et
900 1441 991 1479 satis
1013 1446 1148 1479 acutus
1170 1439 1454 1486 Tertullianus3
1485 1452 1573 1478 nam
1599 1446 1640 1478 ut
1662 1439 1852 1479 contraria
1882 1439 1944 1478 illa
1965 1439 2124 1478 evitaret
2144 1441 2224 1478 for-

439 1518 539 1549 tasse
571 1511 715 1549 obiecta
752 1509 977 1548 Christianis
1008 1509 1054 1547 ab
1085 1509 1211 1560 aliquo
1248 1520 1381 1547 eorum
1418 1507 1645 1554 adversario,
1678 1508 1899 1555 Quirinium
1941 1508 2103 1547 missum
2136 1508 2226 1547 fecit

439 1592 653 1630 censusque
685 1579 768 1617 illos
800 1578 932 1617 scribit
964 1578 1060 1625 (adv.
1084 1577 1313 1616 Marcionem
1339 1577 1374 1622 -1,
1397 1577 1464 1627 19)
1496 1584 1593 1615 actos
1623 1577 1690 1615 snb
1722 1578 1884 1628 Augusto
1923 1580 1959 1615 in
1992 1576 2133 1616 Iudaea
2159 1589 2229 1627 per

439 1648 608 1687 Sentium
638 1647 902 1694 Saturninum,
935 1646 1079 1685 scilicet
1109 1646 1175 1697 qui
1205 1645 1413 1697 praefuerit
1445 1644 1574 1696 Syriae
1605 1645 1689 1683 vivo
1722 1645 1882 1684 Herode.
1915 1669 1968 1673 -—
2000 1645 2100 1684 Haec
2131 1658 2227 1696 quae

438 1716 699 1755 enarravimus
746 1728 833 1755 cum
876 1716 920 1754 de
958 1715 1134 1761 Quirinio
1172 1714 1268 1753 nihil
1307 1714 1467 1752 doceant
1512 1726 1589 1751 non
1635 1714 1833 1765 cognitum
1879 1714 2051 1760 aliunde,
2100 1714 2224 1752 Lucae

437 1785 605 1824 narratio
646 1784 717 1823 alio
755 1784 911 1823 nomine
948 1785 1110 1822 fortasse
1141 1784 1186 1822 ad
1218 1789 1390 1822 nostram
1430 1795 1511 1820 rem
1551 1782 1641 1820 facit
1679 1782 1925 1833 prioremque
1957 1781 2088 1833 Syriae
2122 1782 2226 1832 lega-

438 1853 580 1892 tionem
614 1853 778 1900 Quirinii
809 1853 1094 1903 quodammodo
1134 1858 1171 1890 et
1207 1852 1287 1903 ipsa
1325 1851 1539 1889 confirmat.
1598 1850 1694 1889 Nam
1732 1850 1855 1901 pergit
1881 1850 2003 1889 Lucas
2035 1850 2071 1897 3,
2098 1851 2131 1888 1.
2173 1849 2224 1889 23

406 1922 565 1974 ι16511111
608 1922 779 1974 coepisse
818 1922 968 1974 publice
1010 1920 1181 1972 profiteri
1218 1933 1319 1959 anno
1357 1919 1505 1959 decimo
1545 1919 1678 1970 quinto
1717 1919 1859 1957 Tiberii
1897 1918 2067 1958 Caesaris
2104 1931 2226 1957 annos

436 1996 569 2029 natum
593 1990 745 2029 circiter
766 1990 940 2041 triginta,
962 1989 1064 2027 unde
1080 1988 1338 2027 Tertullianus
1357 1989 1456 2036 (adv.
1475 1988 1635 2027 Iudaeos
1657 2000 1688 2026 c.
1709 1987 1750 2038 8)
1768 1987 1907 2038 aliique
1928 1987 2077 2038 antiqui
2098 1993 2225 2039 patres

437 2060 654 2111 complures
687 2059 922 2110 collegerunt
944 2058 1137 2097 Christum
1171 2064 1305 2097 natum
1338 2070 1441 2096 essse
1472 2069 1573 2095 anno
1595 2056 1757 2107 Augusti
1784 2056 2076 2107 quadragesimo
2098 2055 2225 2107 primo

435 2129 493 2167 vel
524 2127 816 2179 quadragesimo
848 2127 1017 2166 secundo
1050 2127 1126 2165 sive
1157 2139 1189 2165 a.
1223 2140 1259 2165 u.
1292 2139 1323 2165 c.
1349 2127 1423 2164 751
1449 2125 1470 2163 2
1504 2125 1643 2176 (Ideler
1674 2126 1844 2164 chronol.
1871 2126 1904 2171 1,
1928 2124 2038 2176 335).
2098 2125 2220 2164 Etiam

435 2197 624 2235 Eusebius
646 2197 684 2235 in
707 2195 896 2235 chronicis
919 2209 954 2247 p.
970 2196 1047 2233 144
1067 2195 1154 2234 Sch.
1173 2195 1218 2234 ad
1241 2208 1273 2233 a.
1288 2194 1377 2233 Abr.
1397 2194 1504 2233 2015
1523 2193 1705 2233 ve1201ss
1724 2194 1825 2245 quod
1848 2193 2047 2232 adscribit:
2072 2191 2226 2246 ταύτης

436 2266 507 2318 τῆς
539 2263 647 2304 κατὰ
675 2264 751 2318 την
782 2263 999 2304 Ἰουδαίαν
1031 2261 1292 2316 ἅπογραςτῆς
1328 2260 1414 2303 ὑπὸ
1456 2264 1526 2316 τῆς
1559 2258 1797 2314 συγκλήτου
1830 2260 1986 2314 βουλῆς
2022 2262 2224 2313 Κυρίνιος

435 2331 697 2386 ἐπιμελητής
728 2331 985 2386 ἐξεπέμᾳθη
1019 2347 1126 2371 κατα
1155 2331 1253 2372 τόδε
1276 2331 1321 2372 τὸ
1345 2330 1552 2383 κοσμικόν
1575 2329 1666 2377 ἔτος
1695 2327 1854 2369 οὗσιῶν
1885 2329 1955 2368 καὶ
1990 2325 2226 2382 οἰκητόρων

436 2399 687 2455 ἇναγραᾳας
729 2399 1015 2454 ποιούμενος,
1063 2414 1149 2440 611111
1195 2401 1334 2439 habeat
1378 2399 1520 2451 aliquid
1557 2398 1796 2438 auctoritatis
1836 2404 1967 2449 utpote
2008 2400 2224 2450 profectum

435 2471 482 2510 ab
512 2470 662 2522 egregio
693 2470 985 2521 chronographo
1015 2470 1111 2509 Iulio
1132 2469 1321 2515 Africano,
1356 2468 1567 2507 secundum
1601 2480 1642 2506 ea
1674 2480 1770 2517 quae
1801 2480 1916 2518 supra
1948 2480 1983 2518 p.
2010 2468 2059 2505 14
2091 2466 2224 2505 obser-

434 2540 626 2586 vavimus,
672 2539 718 2577 ad
763 2539 927 2577 eundem
974 2541 1052 2577 fere
1097 2550 1242 2576 annum
1289 2537 1412 2583 ducit,
1459 2548 1597 2587 nempe
1636 2549 1672 2574 11.
1695 2548 1726 2574 6.
1751 2535 1828 2574 753
1861 2536 2042 2574 161754.
2102 2535 2224 2574 Lucas

434 2621 528 2647 num
560 2608 611 2647 ita
643 2614 680 2646 et
710 2607 790 2658 ipse
822 2607 1054 2658 computarit
1084 2613 1121 2645 et
1151 2607 1223 2645 hoc
1254 2605 1408 2656 quidem
1442 2605 1524 2643 loco
1555 2604 1599 2642 de
1631 2604 1806 2649 Quirinio
1838 2604 2024 2655 cogitarit,
2057 2603 2222 2642 dubitari

435 2683 573 2729 potest,
604 2688 694 2715 nam
727 2676 772 2714 de
803 2681 924 2714 aetate
955 2688 1032 2713 non
1065 2681 1238 2713 accurate
1270 2686 1309 2712 se
1341 2673 1489 2712 tradere
1526 2673 1608 2724 ipse
1646 2672 1787 2711 indic-at
1818 2670 1935 2723 (ὡσεὶ
1970 2671 2075 2711 ἐτῶν
2106 2669 2222 2724 τριά-

436 2748 595 2794 κοντα),
628 2757 753 2796 neque
783 2756 872 2783 eum
895 2744 964 2782 sibi
986 2750 1160 2783 constare
1192 2743 1231 2781 in
1254 2748 1471 2794 temporum
1494 2741 1643 2780 ratione
1665 2742 1780 2780 niodo
1803 2741 1987 2789 vidimus,
2019 2739 2222 2779 verisimile

436 2820 565 2853 tamen
606 2820 664 2853 est
703 2813 741 2851 id
781 2813 909 2864 ipsum
956 2825 1044 2851 eum
1091 2811 1293 2851 enuntiare
1338 2811 1515 2857 voluisse,
1561 2810 1663 2861 quod
1709 2810 1855 2861 antiqui
1901 2809 2131 2860 interpretes
2177 2820 2221 2846 ex

434 2882 654 2921 narratione
685 2880 767 2919 eius
798 2881 1017 2919 effecerunt.
1077 2881 1131 2920 Ita
1163 2887 1305 2926 autem,
1349 2879 1379 2918 si
1418 2891 1533 2930 supra
1572 2884 1674 2918 recte
1713 2878 2062 2918 demonstravimus
2092 2875 2221 2923 Quiri-

435 2951 542 2989 nium
575 2963 643 3002 per
674 2962 706 2988 3.
731 2950 822 2987 751.
848 2948 927 2987 752
958 2949 1128 3000 primum
1160 2948 1371 3001 praefuisse
1404 2947 1546 2999 Syriae,
1579 2947 1714 2993 Lucas,
1746 2960 1833 2987 cum
1857 2947 2054 2986 Christum
2085 2950 2219 2984 natum

435 3019 569 3058 statuit
599 3031 630 3057 c.
653 3031 685 3057 a.
710 3017 788 3056 752
820 3017 996 3064 Quirinio
1030 3017 1177 3068 Syriam
1209 3015 1516 3062 administrante,
1558 3028 1635 3054 non
1667 3015 1797 3067 posuit
1828 3015 1901 3054 nisi
1931 3012 2138 3066 probabilia
2169 3017 2218 3058 61,
