2227 3452
937 161 967 204 1,
994 161 1132 196 22—24
1877 163 1928 215 ie

148 283 271 323 Huius
302 283 436 335 capitis
467 282 660 322 restitutio
697 293 930 334 magnopere
968 280 1151 333 impedita
1195 285 1266 327 est,
1312 291 1401 318 cum
1442 279 1582 319 Graeca
1618 282 1697 319 fere
1740 279 1928 326 deficiant,

148 352 282 391 Latina
321 352 463 404 passim
504 351 621 390 hient.
682 349 897 397 Quominus
938 362 1008 401 pro
1046 362 1090 389 eo
1127 348 1230 400 quod
1266 353 1326 387 est
1359 347 1511 399 [plidrzs
1544 361 1577 387 v.
1600 349 1652 387 22
1684 350 1930 401 suppleamus

149 433 354 460 numerum
387 424 464 467 tris,
495 433 591 472 apex
620 419 686 471 qui
713 424 889 470 superest
909 424 995 457 ante
1016 430 1038 456 r
1059 417 1196 457 obstat.
1220 440 1273 444 -——
1294 415 1437 455 Deinde
1459 411 1547 456 cum
1570 430 1603 455 v.
1626 417 1678 455 22
1701 424 1796 456 extr.
1818 423 1931 468 quat-

149 489 361 528 tuordecim
399 489 547 527 litterae
577 487 805 531 exciderint,
844 500 877 525 v.
910 486 961 525 23
993 486 1200 538 incipiente
1230 484 1422 536 quinque,
1461 486 1674 525 decrevisset
1703 486 1930 524 vocabulum

148 557 274 609 paullo
304 557 454 608 longius
485 563 543 596 est
573 569 685 608 quam
718 556 949 606 requiritur,
981 554 1188 605 debuitque
1218 555 1380 592 fortasse
1412 552 1595 591 substitui
1628 553 1791 592 dedisset.
1842 553 1934 592 Post

149 626 341 677 supersedi
367 625 574 676 quominus
605 624 814 676 quidquam
846 623 1076 670 inseramus,
1108 622 1144 661 id
1176 621 1279 673 quod
1311 620 1455 673 placuit
1484 621 1658 672 Bergkio,
1691 621 1774 673 ipsa
1805 621 1932 660 tabula

148 694 310 746 impedit
340 694 463 745 spatio
493 693 546 732 ibi
576 698 740 732 vacante.

281 762 468 809 Quotiens
498 763 694 813 Augustus
730 760 971 812 triumphum
1010 760 1206 799 decretum
1245 758 1451 805 recusarit,
1488 771 1613 809 neque
1651 758 1731 809 ipse
1762 758 1937 796 enuntiat

150 843 275 882 neque
308 831 398 869 satis
429 837 616 870 auctores.
676 829 879 868 Decretum
902 842 933 867 a.
958 828 1049 875 729,
1074 841 1150 880 quo
1172 828 1382 867 Cantabros
1404 827 1485 878 ipse
1506 827 1543 865 in
1567 827 1754 865 dicionem
1777 827 1934 877 redegit,

152 900 269 939 Varro
301 899 438 938 devicit
470 899 652 945 Salassos,
684 898 731 937 M.
755 897 922 936 Vinicius
945 898 1154 936 Germanos
1186 896 1360 948 perculit,
1390 896 1607 946 Augustum
1638 908 1718 934 non
1746 895 1938 946 accepisse

153 981 266 1020 supra
298 981 333 1019 p.
361 968 409 1006 12
440 967 618 1006 vidimus.
661 966 803 1005 Deinde
834 966 985 1004 nummi
1007 965 1088 1004 cusi
1110 971 1268 1017 propter
1289 964 1395 1015 signa
1417 977 1448 1003 a.
1473 964 1553 1002 734
1574 977 1594 1003 a
1616 964 1767 1003 Parthis
1788 969 1939 1015 recepta

153 1049 242 1076 cum
272 1036 489 1087 Augustum
520 1034 723 1073 exhibeant
753 1034 1042 1085 elephantorum
1077 1034 1173 1085 bigis
1205 1033 1522 1084 triumphantem,
1554 1032 1642 1071 inde
1674 1038 1754 1071 tum
1787 1045 1940 1083 quoque

153 1104 395 1155 triumphum
434 1103 467 1142 ei
506 1103 702 1142 decretum
734 1115 818 1141 esse
848 1109 950 1141 recte
982 1103 1106 1141 effecit
1136 1101 1368 1153 Borghesius
1399 1101 1502 1153 (opp.
1526 1100 1562 1147 2,
1589 1101 1665 1139 100
1689 1101 1785 1152 sq.);
1826 1107 1865 1140 et
1895 1114 1940 1139 ex

154 1185 197 1212 eo
228 1173 380 1211 decreto
412 1178 544 1210 natum
578 1178 646 1216 est,
679 1171 781 1221 quod
813 1170 880 1208 Dio
903 1171 984 1215 (54,
1008 1170 1049 1220 8)
1072 1171 1116 1209 ad
1148 1183 1180 1209 a.
1204 1169 1283 1209 734
1305 1172 1422 1209 refert
1443 1171 1660 1220 Augustum
1693 1175 1870 1208 ovantem
1901 1170 1939 1208 in

152 1241 287 1279 urbem
326 1240 519 1279 introiisse
556 1252 685 1278 errore
722 1244 853 1289 aperto
887 1239 936 1288 (v.
967 1239 1013 1277 ad
1047 1240 1081 1285 1,
1105 1238 1187 1289 21).
1254 1239 1427 1277 Tertium
1471 1239 1713 1289 trIumphum
1751 1239 1942 1277 recusavit

151 1309 346 1359 Augustus
382 1320 414 1346 a.
447 1308 525 1346 746
563 1314 651 1358 post
682 1306 877 1345 victoriam
913 1306 1180 1345 Germanicam
1212 1306 1356 1345 Tiberii
1389 1306 1472 1347 {Dio
1505 1308 1568 1353 55,
1592 1307 1644 1356 6).
1708 1306 1807 1345 Num
1840 1307 1941 1345 idem

152 1376 285 1415 fecerit
322 1383 409 1427 post
445 1376 615 1415 eiusdem
657 1375 853 1413 victoriam
886 1374 1145 1414 Pannonicain
1180 1388 1211 1413 a.
1243 1375 1321 1414 763
1354 1374 1440 1425 (Dio
1472 1375 1536 1422 56,
1562 1376 1642 1424 17),
1675 1375 1834 1414 dubium
1868 1382 1942 1423 est,

152 1456 241 1483 nam
281 1457 368 1482 cum
408 1444 476 1482 Dio
514 1444 655 1482 scribat
687 1443 926 1494 triumphum
960 1444 1174 1482 admissum
1207 1456 1308 1489 esse,
1347 1443 1594 1493 cogitandum
1626 1443 1754 1494 potius
1787 1444 1831 1481 de
1863 1443 1943 1482 solo

152 1512 295 1551 Tiberii
336 1512 532 1563 triumpho
573 1518 654 1550 tum
695 1512 870 1557 decreto,
909 1518 993 1550 acto
1030 1519 1158 1550 autem
1192 1525 1224 1550 a.
1258 1513 1413 1550 demum
1449 1512 1546 1558 765,
1587 1518 1629 1550 ut
1659 1524 1782 1563 nuper
1813 1519 1944 1550 contra

153 1581 373 1632 opinionem
407 1581 517 1631 vulgo
548 1587 754 1631 receptam,
787 1593 882 1631 quae
914 1593 1002 1618 eum
1035 1580 1217 1619 adscribit
1247 1592 1350 1618 anno
1382 1580 1636 1631 praecedenti,
1668 1580 1946 1618 demonstravit

154 1649 398 1688 Hermannus
422 1648 560 1687 Schulz
592 1649 629 1687 in
662 1648 953 1699 quaestionibus
977 1649 1172 1688 Ovidianis
1204 1648 1547 1700 (Gryphiswaldiae
1583 1648 1706 1699 1883)
1736 1662 1771 1699 p.
1799 1649 1847 1686 15
1865 1661 1945 1698 seq.

286 1717 470 1755 Votorum
503 1717 643 1755 solutio
674 1717 915 1768 fasciumque
946 1718 983 1756 in
1007 1718 1193 1769 Capitolio
1216 1717 1404 1769 depositio
1426 1724 1506 1756 arte
1528 1717 1755 1756 coniunctae
1777 1718 1945 1755 fuerunt.

153 1785 343 1824 Nimirum
382 1792 503 1824 aetate
539 1785 680 1824 liberae
717 1786 770 1824 rei
808 1786 982 1837 publicae
1020 1787 1153 1825 consul
1190 1794 1388 1838 praetorve
1420 1799 1496 1837 quo
1528 1786 1587 1824 die
1619 1786 1663 1824 ad
1697 1798 1777 1824 rem
1810 1798 1948 1836 geren-

156 1854 242 1893 dam
274 1854 410 1899 exibat,
444 1866 554 1892 mane
585 1854 623 1892 in
656 1853 840 1905 Capitolio
872 1861 958 1893 vota
988 1855 1248 1906 nuncupabat,
1282 1867 1370 1893 mox
1400 1855 1446 1893 ad
1478 1861 1626 1905 portam
1661 1861 1817 1905 sumpto
1838 1854 1949 1905 palu-

157 1923 337 1962 damento
369 1922 612 1973 sumptisque
642 1923 809 1961 fascibus
841 1923 899 1961 vel
929 1929 1029 1961 certe
1061 1923 1261 1962 securibus
1288 1923 1361 1961 iter
1382 1923 1691 1974 ingrediebatur,
1725 1924 1788 1961 ubi
1810 1922 1949 1961 deinde

158 1991 191 2030 ei
230 1998 485 2037 successerat,
525 1997 568 2030 ut
604 2003 644 2029 re
682 1991 778 2029 bene
817 1997 920 2042 gesta
960 1992 1169 2043 imperator
1207 1992 1437 2030 acclamatus
1476 1992 1583 2030 lauro
1622 1994 1740 2029 fasces
1780 1997 1945 2038 ornaret,

157 2060 377 2111 regrediens
407 2059 446 2097 in
485 2060 619 2098 urbem
659 2059 698 2097 in
735 2059 921 2111 Capitolio
961 2066 997 2098 et
1037 2066 1121 2099 vota
1162 2060 1222 2099 illa
1258 2060 1428 2099 solvebat
1464 2065 1502 2098 et
1532 2060 1683 2097 laurum
1716 2060 1875 2098 fascium
1909 2059 1948 2098 in

158 2128 302 2179 gremio
333 2128 430 2167 lovis
462 2128 598 2179 optimi
632 2128 787 2166 maximi
819 2128 1019 2179 Capitolini
1051 2128 1228 2179 ponebat.
1293 2127 1432 2167 Consul
1458 2128 1704 2179 proficiscens,
1737 2128 1867 2167 Livius
1898 2128 1950 2167 ait

159 2197 223 2243 45,
247 2195 311 2242 39,
338 2197 401 2243 11,
431 2203 628 2247 praetorve
660 2196 855 2247 paludatis
891 2197 1082 2237 lictoribus
1111 2200 1150 2236 in
1177 2200 1410 2249 provinciam
1447 2204 1479 2235 ec
1517 2196 1566 2235 ad
1605 2196 1743 2235 bellum
1782 2205 1867 2236 voca
1906 2199 1947 2236 in

163 2263 342 2316 Capitolio
372 2272 589 2315 nuncupat.-
629 2268 745 2304 victor
777 2273 990 2317 perpetrato
1037 2278 1078 2305 eo
1118 2266 1243 2304 eodem
1290 2265 1528 2316 triumphans
1564 2264 1701 2317 (codex
1735 2273 1951 2317 perpetrato

161 2401 331 2432 Siccensis
357 2400 507 2442 repperit
532 2399 560 2431 J.
581 2399 748 2439 Poinssot,
774 2405 807 2432 et
832 2411 848 2432 a
876 2399 997 2431 Carolo
1015 2400 1132 2432 Tissot
1157 2400 1307 2433 officiose
1333 2411 1458 2433 mecum
1482 2401 1739 2433 communicatus
1758 2405 1809 2432 est
1827 2407 1858 2433 et
1875 2411 1952 2443 pro-

161 2457 226 2489 diit
256 2458 287 2489 in
315 2459 386 2499 eph.
414 2458 577 2489 (ji-anensi
609 2456 756 2489 Bzcllett'n
787 2457 984 2489 trimestriel
1012 2456 1068 2488 des
1097 2458 1279 2500 autiquz'te's
1307 2460 1493 2501 africaz'tzes
1524 2469 1551 2490 a.
1572 2458 1590 2489 2
1623 2459 1732 2500 (lass)
1759 2469 1787 2500 p.
1814 2458 1878 2490 260
1904 2459 1953 2490 sic

161 2520 356 2556 conceptus:

643 2584 881 2610 1VNON1·
907 2584 1100 2611 LIVIAE
1128 2594 1135 2602 ·
1162 2586 1461 2612 AVGVSTAE

671 2641 691 2666 L
709 2649 716 2658 ·
736 2641 963 2668 PASSIENO
982 2650 989 2657 ·
1008 2641 1130 2669 RVFO
1149 2651 1157 2659 ·
1176 2642 1508 2669 IMPERATORE

642 2697 895 2725 AFRchM
1238 2699 1507 2726 OBTINENTE

672 2753 731 2780 CN
755 2763 762 2771 ·
786 2754 1537 2783 CORNELIVS-CN·F·COR·RVFVS

590 2809 608 2839 5
750 2811 1480 2840 ET·MAR1A·c-F·GALLA·CN

924 2867 948 2894 C
965 2867 993 2893 0
1010 2867 1036 2892 N
1055 2867 1072 2894 S
1090 2869 1109 2894 E
1126 2869 1150 2894 R
1166 2869 1192 2894 V
1208 2871 1233 2895 Α
1249 2869 1272 2895 Τ
1290 2871 1299 2895 1

721 2923 873 2950 VOTA
898 2932 907 2941 ·
934 2925 953 2950 L
978 2932 985 2941 ·
1010 2924 1039 2949 M
1065 2933 1071 2941 ¹
1096 2925 1364 2952 SOLVONT

166 2978 323 3010 Formula
358 2988 388 3009 v.
409 2977 438 3009 2.
458 2977 476 3008 3
503 2977 643 3009 insolita
667 2976 742 3009 inde
768 2979 881 3019 venit,
912 2979 994 3020 quod
1021 2979 1198 3012 Passienus
1224 2981 1406 3023 imperator
1431 2980 1619 3022 appellatus
1647 2989 1750 3021 neque
1776 2981 1954 3021 proconsul

167 3040 260 3068 recte
284 3028 486 3077 dici'potuit
512 3041 544 3066 et
569 3036 671 3067 multo
698 3036 804 3067 minus
831 3036 1012 3077 imperator
1036 3036 1180 3068 Africae.
1206 3055 1249 3059 —
1275 3038 1293 3068 3
1320 3038 1429 3069 hiatus
1454 3042 1564 3068 notam
1590 3037 1679 3067 iuter
1704 3038 1767 3067 duo
1794 3037 1956 3068 vocabula

167 3093 290 3125 delevi.
316 3111 357 3115 ——
385 3093 402 3123 5
427 3091 481 3123 fin.
508 3092 540 3124 in
567 3093 676 3134 lapide
701 3103 774 3125 esse
801 3092 1000 3125 crediderim
1024 3099 1107 3135 CoN,
1134 3094 1267 3126 scilicet
1290 3096 1425 3127 conium.

1700 3152 1748 3186 2²1<
