2430 3394
438 132 518 173 136
1241 127 1304 169 VI,
1334 129 1422 162 1„3

435 253 647 301 usurpetur
686 255 724 287 et
763 248 897 287 turbae
935 247 1107 286 internae
1145 247 1245 298 apud
1276 247 1380 298 ipsos
1412 247 1541 286 Medos
1575 248 1811 286 urbanorum
1844 249 2047 287 hominum
2080 262 2230 288 sermo-

435 317 668 358 cinationem
714 317 773 356 vix
811 329 1042 368 magnopere
1081 328 1236 353 movere
1276 315 1485 367 potuerint.
1516 339 1567 343 —
1601 316 1696 354 Vere
1733 329 1822 355 mox
1853 317 2060 357 Tiridatem
2094 330 2230 357 rursus

435 386 582 439 expulit
602 386 799 425 Phraates.
852 385 1067 430 Plu-abates,
1099 383 1273 422 Iustinus
1304 384 1450 431 scribit,
1483 398 1566 424 cam
1596 397 1731 436 mayno
1754 391 1917 437 tempore
1940 387 2119 438 finitimas
2142 389 2231 426 civi-

435 463 545 502 taces,
584 456 634 495 ad
665 462 896 507 postremum
933 452 1088 503 Scythas
1113 452 1287 503 precibus
1315 453 1527 504 summissa,
1564 452 1790 503 Scytharum.
1821 456 1986 493 mawz‘mo
2017 455 2162 494 ctuaez'lio
2192 457 2233 493 in

436 538 592 577 requam
622 527 833 564 restituitur
863 555 870 562 .
891 553 899 561 .
932 520 1149 574 (Tiridates)
1172 522 1302 560 ‹mdico
1325 522 1490 561 adventa
1509 521 1737 573 Scytharum
1760 535 1843 561 cum
1865 536 2003 574 mayna
2026 526 2235 563 amicornm

436 607 553 633 mann
583 594 632 633 ad
657 593 853 632 Caesarem
884 594 923 630 in
948 592 1136 642 IIispania
1168 590 1303 629 bellum
1335 597 1414 629 tum
1444 593 1618 642 temporis
1645 598 1831 642 yerentem
1860 593 2040 643 prosuyst,
2073 592 2234 632 obsidem

441 663 600 702 Caesari
626 664 820 701 mi'nimmn
854 661 977 712 filium
999 657 1198 700 Phratemis
1224 661 1364 710 ferens,
1396 672 1503 711 quem
1525 660 1776 711 neylegyente'us
1798 661 2021 699 custoditam
2042 667 2233 712 rapuerat.

437 732 506 771 Dio
539 737 626 784 post
657 743 771 782 supra
804 729 938 768 relata:
972 725 1066 767 ῖότε
1097 726 1145 767 δὲ
1176 726 1331 780 ἐπειδὴ
1364 723 1386 766 ὅ
1416 743 1459 766 τε
1485 725 1715 775 Ἀντώνιος
1745 725 1990 781 ἐιελεύιησε
2021 727 2094 767 καὶ
2124 725 2237 768 ἑκεί-

440 815 525 841 νων
555 797 576 840 ὁ
609 797 689 852 μὲν
727 795 960 850 Τιριδιὶιης
993 793 1195 849 ἡττηθεὶς
1227 795 1269 842 ἐς
1299 795 1374 849 τὴν
1405 798 1568 849 Συρίαν
1598 798 1859 850 κατέφυγεν,
1902 794 1924 836 ὸ
1956 795 2002 835 δὲ
2037 794 2238 850 Φραάτης

439 866 656 922 κρατήσας
688 868 894 919 πρέσβεις
925 863 1115 918 ἔπεμψε,
1148 862 1318 911 τούτοις
1350 880 1393 903 τε
1424 863 1607 918 φιλικῶς
1638 863 1895 918 ἐχρημάτισε
1927 864 1999 903 καὶ
2027 865 2088 917 τῷ
2116 867 2238 918 Τιρι-

441 937 548 991 δάτῃ
581 932 822 990 βοηθήσειν
854 932 932 986 μὲν
964 930 1040 984 οὔχ
1064 930 1290 984 ὑπέσχετο,
1324 932 1589 972 διαιιτῖσθαι
1616 932 1661 973 δὲ
1684 933 1730 973 ἒν
1750 933 1800 990 ιῇ
1821 935 1958 986 Συρίᾳ
1981 932 2237 986 ἐπέτρεψεν,

441 1005 537 1047 vicii)
576 1007 622 1045 τέ
656 1018 756 1044 τινα
792 1002 868 1042 τοῦ
902 1001 1106 1056 Φραάτου
1137 1000 1183 1041 ἐν
1213 999 1459 1054 εὐεργεσίας
1490 1002 1609 1055 μέρει
1644 1003 1753 1055 παρ’
1785 999 1917 1041 αἰτοῦ
1947 1000 2094 1054 λαβὼν
2125 1000 2166 1048 ἔς
2195 1016 2240 1041 τε

440 1075 516 1130 τὴν
543 1071 706 1127 Ῥώμην
738 1070 924 1126 ἀνήγαγε
955 1069 1027 1110 καὶ
1060 1069 1104 1110 ἐν
1136 1067 1319 1124 ὁμηρείᾳ
1351 1068 1604 1123 ἐποιήσατο.
1655 1071 1837 1110 Horatius
1869 1084 2022 1123 quoque
2054 1071 2092 1110 in
2121 1083 2238 1110 carm.

443 1145 480 1192 2,
503 1145 527 1182 2
550 1144 651 1182 inter
672 1142 804 1181 beatos
829 1140 964 1180 referri
986 1145 1088 1179 vetat
1108 1140 1298 1179 redditum
1322 1139 1415 1190 Cyri
1431 1139 1522 1178 solio
1544 1139 1767 1180 Pleralzaten.
1809 1140 1896 1179 Illae
1919 1141 2086 1179 duorum
2109 1145 2242 1179 aucto-

442 1226 529 1253 rum
561 1211 767 1251 relationes
799 1223 888 1249 cum
920 1221 999 1248 non
1022 1208 1181 1248 omnino
1204 1208 1452 1255 concordent,
1485 1210 1648 1248 fortasse
1669 1209 1709 1248 in
1732 1222 1884 1248 summa
1906 1222 1947 1248 re
1970 1215 2130 1260 utraque
2153 1221 2240 1248 vera

443 1282 554 1333 estl).
605 1280 816 1319 Credemus
847 1278 959 1317 Dioni
981 1277 1191 1317 Tiridatem
1223 1277 1387 1317 eiectum
1420 1292 1452 1317 a.
1477 1279 1557 1317 724
1590 1284 1753 1317 exeunte
1784 1278 1823 1317 in
1848 1278 1995 1330 Syriam
2029 1278 2074 1316 ad
2097 1278 2242 1316 Roma-

442 1364 513 1391 nos
544 1349 762 1400 confugisse
794 1360 919 1399 neque
950 1353 1080 1386 tamen
1112 1347 1157 1385 ad
1186 1346 1316 1398 ipsum
1338 1347 1557 1399 Augustum
1590 1361 1634 1386 eo
1658 1354 1832 1399 tempore
1854 1353 2070 1386 morantem
2094 1347 2132 1385 in
2155 1346 2242 1386 Asia

444 1420 513 1472 (ibi
552 1418 657 1458 enim
695 1430 783 1457 eum
817 1416 973 1455 hiemen
1004 1428 1036 1454 a.
1062 1415 1186 1461 72435
1218 1415 1389 1467 exegisse
1420 1416 1489 1455 Dio
1520 1417 1647 1468 paullo
1679 1422 1767 1455 ante
1799 1416 1932 1455 scribit
1961 1415 2090 1467 ibique
2123 1414 2244 1466 magis

444 1501 561 1541 quam
583 1487 688 1528 Sami
719 1487 965 1526 consulatum
998 1498 1031 1524 a.
1055 1484 1135 1523 725
1158 1484 1254 1530 iniit,
1287 1487 1334 1523 cf.
1360 1485 1569 1524 Suetonius
1590 1486 1685 1536 Aug.
1708 1485 1792 1536 26).
1834 1484 2002 1535 Benigne
2024 1485 2243 1536 Augustum

445 1559 602 1597 Phraati
632 1556 876 1609 respondisse
907 1567 1034 1606 neque
1056 1553 1236 1593 Tiridatis
1268 1567 1423 1593 causam
1455 1560 1585 1606 aperte
1616 1561 1748 1593 contra
1779 1567 1868 1593 eum
1902 1552 2119 1605 suscepisse
2140 1552 2242 1591 idem

447 1628 530 1667 sine
567 1626 682 1666 (lubio
720 1631 822 1664 recte
860 1623 1036 1671 tradidit3
1078 1623 1143 1662 sed
1180 1636 1268 1662 vere
1304 1637 1392 1662 eum
1424 1623 1463 1662 in
1495 1623 1701 1662 amicitiam
1736 1635 1824 1661 cum
1857 1635 1944 1673 rege
1974 1634 2054 1660 non
2085 1620 2246 1660 rediisse

447 1708 534 1735 cum
567 1708 612 1734 ex
644 1695 823 1733 universo
854 1705 983 1732 rerum
1010 1698 1112 1731 statu
1133 1692 1326 1743 colligitur
1347 1693 1465 1743 signis
1487 1692 1639 1731 amissis
1660 1703 1903 1743 nequaquam
1926 1690 2117 1729 restitutis
2139 1688 2246 1741 (vide

448 1777 564 1822 supra
593 1776 631 1816 p.
656 1763 751 1814 111)
786 1769 867 1802 tum
900 1776 943 1801 ex
975 1762 1059 1813 ipso
1091 1774 1148 1808 eo⁷
1180 1762 1282 1812 quod
1305 1761 1502 1812 Augustus
1525 1761 1729 1811 Tigranem
1762 1760 1799 1798 in
1824 1759 1930 1812 Syria
1963 1759 2099 1810 (legere
2120 1758 2245 1801 iussit,

448 1834 532 1873 sine
563 1832 679 1872 dubio
712 1844 755 1870 eo
787 1830 960 1878 consilio,
992 1835 1036 1869 ut
1066 1831 1152 1869 inde
1183 1836 1314 1870 motus
1346 1830 1383 1869 in
1417 1830 1537 1869 vicina
1570 1829 1724 1868 Parthia
1756 1834 1932 1881 pergeret
1961 1827 2139 1867 excitare.
2199 1827 2247 1866 Et

448 1903 601 1942 videtur
630 1914 717 1940 vere
738 1900 927 1939 Tiridates
948 1899 988 1938 in
1009 1912 1172 1951 regnum
1194 1899 1369 1939 Phraatis
1392 1899 1584 1938 hostiliter
1604 1899 1801 1949 ingressus
1823 1911 1908 1937 esse
1929 1910 2051 1948 eoque
2073 1901 2246 1948 spectare

582 2036 610 2076 ¹)
640 2034 772 2067 Nummi
798 2033 949 2065 Parthici
984 2043 1044 2075 per
1074 2034 1134 2065 hos
1166 2043 1271 2065 annos
1303 2033 1429 2073 signati
1461 2043 1532 2064 cum
1563 2043 1679 2073 magna
1705 2042 1746 2064 ex
1773 2036 1867 2074 parte
1893 2042 2013 2063 annum
2038 2040 2247 2072 mensemque

450 2094 640 2131 enuntient,
673 2102 787 2132 regum
818 2095 970 2133 tempora
1000 2095 1093 2122 recte
1124 2092 1337 2131 stabilirent,
1370 2092 1436 2122 nisi
1469 2100 1585 2122 nomen
1616 2089 1751 2122 Arsacis
1786 2089 1818 2120 in
1853 2089 2003 2120 omnibus
2034 2088 2120 2120 idem
2146 2092 2246 2126 esset,

450 2152 543 2183 tituli
567 2150 639 2182 fere
664 2150 764 2181 iidem
790 2154 824 2180 et
850 2149 882 2179 in
909 2149 980 2180 sola
1007 2146 1107 2180 faciei
1132 2149 1334 2181 diversitate
1361 2149 1519 2180 iudicium
1544 2152 1751 2181 verteretur.
1793 2145 1857 2188 Qui
1873 2151 2061 2188 postremus
2079 2144 2249 2187 quaestio-

451 2219 524 2240 nem
549 2208 714 2240 tractavit
738 2206 844 2249 Percy
864 2205 1018 2237 Gardner
1044 2207 1110 2246 (tlte
1133 2207 1301 2238 Parthian
1325 2208 1476 2247 coinage.
1510 2205 1669 2237 Londinii
1696 2204 1778 2236 1577
1798 2215 1827 2246 p.
1847 2204 1889 2235 42
1904 2203 1986 2246 seq.)
2011 2213 2083 2235 eum
2102 2212 2248 2234 nummos

450 2264 606 2297 Phraatis
637 2264 733 2295 huius
766 2263 1025 2304 comprehendat
1057 2264 1148 2295 inter
1177 2274 1206 2295 a.
1233 2264 1299 2296 Sel.
1319 2264 1384 2295 276
1408 2278 1452 2289 =
1477 2275 1508 2295 u.
1527 2274 1554 2295 c.
1576 2263 1678 2304 717ss
1711 2267 1743 2293 et
1774 2261 1840 2293 Sel.
1868 2261 1932 2293 289
1956 2276 2001 2286 =
2025 2272 2056 2292 u.
2082 2272 2109 2292 c.
2136 2259 2250 2300 730J1,

451 2334 510 2366 per
541 2324 673 2354 eosdem
706 2332 810 2353 annos
843 2321 906 2351 duo
938 2321 1047 2363 capita
1079 2322 1215 2353 diversa
1250 2321 1283 2353 in
1317 2321 1455 2353 nummis
1487 2319 1746 2363 deprehendisse
1778 2319 1843 2350 sibi
1878 2319 1970 2350 visus
2003 2323 2070 2359 est,
2107 2318 2250 2349 alterum

453 2381 550 2412 unius
576 2380 653 2411 anni
680 2379 745 2410 Sel.
773 2378 836 2410 250
863 2378 1035 2417 (mensium
1061 2376 1238 2409 Artemisii
1262 2377 1380 2420 Dystri
1399 2377 1525 2419 Daesii)
1541 2392 1585 2402 Ξ
1603 2388 1634 2408 ιι.
1654 2388 1681 2409 c.
1700 2374 1814 2420 721112,
1839 2377 1984 2408 alterum
2008 2386 2038 2408 a.
2057 2376 2121 2407 285
2145 2375 2251 2414 (men-

453 2438 498 2470 sis
517 2437 644 2474 Daesii)
664 2450 705 2463 =
722 2447 753 2468 u.
773 2446 800 2467 c.
820 2435 940 2478 726s73
967 2435 1024 2467 sed
1050 2440 1157 2466 tamen
1183 2434 1339 2466 Phraatis
1365 2445 1492 2477 quoque
1519 2435 1642 2466 nummi
1667 2435 1722 2476 qui
1741 2435 1925 2466 creduntur
1942 2444 2016 2466 esse
2034 2433 2251 2475 reperiuntur

452 2495 544 2527 inter
575 2495 706 2526 eosdem
737 2494 901 2526 terminos
934 2493 1016 2525 cusi.
1067 2493 1179 2525 Aliter
1204 2493 1468 2535 Longperierius
1504 2492 1694 2531 (mentoires
1724 2502 1784 2524 sur
1809 2491 1841 2522 la
1865 2490 2080 2532 chronolog-ie
2102 2489 2160 2522 des
2182 2490 2253 2521 ruis

452 2553 595 2585 Parthas
620 2551 802 2584 Arsacides
828 2563 855 2593 p.
882 2552 923 2582 5-1
942 2552 1024 2593 seq.)
1056 2561 1203 2582 nummos
1228 2550 1379 2590 ordinat,
1410 2550 1560 2581 iudicans
1586 2550 1676 2580 cerni
1702 2549 1735 2580 in
1763 2550 1805 2581 iis
1830 2560 1859 2581 a.
1885 2549 1950 2580 276
1974 2563 2018 2574 =
2044 2559 2074 2580 u.
2101 2559 2126 2579 c.
2150 2544 2252 2591 717]ss

454 2615 553 2652 caput
569 2609 738 2649 Phraatis,
763 2620 791 2640 a.
811 2610 875 2640 27⁸³
900 2624 944 2633 z
962 2620 992 2640 u.
1011 2619 1038 2640 c.
1059 2609 1158 2645 72071
1178 2607 1353 2647 Tiridatis,
1379 2618 1407 2639 a.
1426 2607 1490 2638 280
1507 2622 1551 2632 =
1570 2617 1599 2638 u.
1624 2618 1651 2638 c.
1672 2606 1772 2649 7215'2
1797 2616 1915 2637 rursus
1932 2604 2098 2643 Phraatis,
2125 2616 2153 2636 a.
2175 2605 2251 2637 285.

455 2668 519 2699 286
533 2683 577 2693 =
594 2678 626 2698 u.
645 2678 672 2698 c.
692 2665 795 2704 726s'S
822 2667 944 2698 iterum
963 2665 1140 2705 Tiridatis,
1166 2675 1194 2696 a.
1214 2664 1278 2696 287
1295 2679 1339 2689 π
1358 2675 1386 2694 u.
1407 2675 1434 2695 c.
1454 2662 1557 2704 72Ss‘9
1583 2664 1688 2695 denuo
1710 2663 1875 2695 Phraatis.
1901 2662 1934 2694 ln
1955 2673 2066 2694 rerum
2091 2662 2252 2694 memoria

457 2736 519 2757 non
550 2724 726 2757 invenitur
756 2724 839 2766 quod
872 2723 1047 2765 impediat,
1085 2723 1257 2764 quominus
1290 2731 1436 2753 nummos
1461 2731 1479 2752 a
1511 2720 1655 2753 Phraate
1686 2721 1832 2761 alienos,
1872 2720 1929 2751 sed
1960 2730 2019 2762 per
2051 2720 2147 2758 regni
2180 2719 2251 2751 eius

454 2787 604 2824 tempora
637 2792 734 2813 cusos
760 2781 798 2812 ad
821 2780 1006 2812 Tiridatem
1033 2778 1234 2819 referamus,
1266 2784 1300 2811 et
1325 2783 1465 2821 possunt
1490 2788 1568 2810 sane
1592 2789 1651 2820 per
1668 2779 1728 2809 hos
1753 2787 1856 2809 annos
1886 2777 1941 2809 vel
1960 2777 2073 2809 eodem
2091 2781 2252 2818 tempore,

456 2840 491 2870 iu
516 2839 663 2871 diversis
688 2838 824 2870 scilicet
850 2837 943 2877 regni
968 2837 1133 2879 partibus,
1159 2838 1222 2868 duo
1248 2847 1346 2877 reges
1372 2841 1541 2868 certantes
1568 2846 1714 2867 nummos
1740 2835 1883 2867 cudis-se.
1913 2834 1976 2866 Sed
1995 2844 2090 2876 quam
2109 2834 2252 2866 incertis

456 2895 681 2928 fundamentis
718 2895 932 2927 coniecturae
964 2895 1044 2926 illae
1077 2895 1247 2936 nitantur,
1283 2895 1355 2936 ipsa
1388 2903 1500 2925 earum
1530 2893 1714 2924 diversitas
1745 2892 1830 2923 satis
1860 2892 2021 2923 declarat.
2070 2890 2103 2922 Iu
2135 2895 2251 2922 nostro

458 2964 570 2985 museo
597 2954 651 2996 qui
676 2954 900 2985 adservantur
927 2953 1041 2983 horum
1067 2962 1229 2983 annorum
1255 2952 1392 2992 nummi,
1424 2951 1556 2983 scilicet
1580 2961 1608 2982 a.
1627 2950 1704 2982 255.
1723 2949 1798 2981 286.
1827 2948 1889 2980 287
1915 2948 2039 2990 aliique
2065 2948 2252 2990 complures

458 3022 529 3043 cum
554 3011 630 3042 anni
657 3015 733 3042 uota
761 3010 959 3042 oblitterata
986 3014 1043 3040 aut
1067 3018 1102 3040 ea
1123 3008 1290 3050 destituti,
1316 3019 1412 3040 unam
1431 3008 1535 3040 solam
1553 3007 1672 3039 facicm
1691 3016 1803 3039 omues
1822 3006 1980 3038 videntur
1994 3005 2128 3047 habere,
2153 3005 2252 3037 nimi-

458 3079 530 3100 rum
557 3068 721 3100 Phraatis.
