2430 3394
437 161 519 201 178
806 157 848 192 P.
868 156 1079 194 SVLPICH
1103 156 1318 199 QVIRINII
1342 155 1550 192 TITVLVS
1574 155 1810 193 TIBVRTIN
1814 156 1869 193 VS

433 276 517 326 48).
569 271 738 329 Stirpem
769 282 858 329 post
887 289 928 316 se
957 289 1038 316 non
1067 276 1224 328 reliquit
1245 276 1351 328 (Tac.
1374 288 1464 315 ann.
1487 275 1524 324 3,
1547 275 1630 326 22).
1689 275 1733 314 In
1764 275 1826 315 his
1855 281 1900 315 ut
1934 276 2058 316 multa
2088 274 2234 315 incerta

432 358 517 385 esse
558 350 682 397 patet,
723 344 776 385 ita
811 357 892 385 non
928 345 1042 386 credo
1085 345 1294 397 quicquam
1339 344 1546 393 contineri,
1592 343 1696 396 quod
1739 355 1816 383 non
1862 343 2051 384 rationem
2096 343 2236 383 habeat

433 419 472 453 et
497 413 809 465 probabilitatem
820 414 865 463 1).

565 588 592 631 ¹)
618 588 826 621 Hermannus
860 586 1023 629 Gerlach,
1055 586 1152 618 cuius
1183 585 1280 618 modo
1313 585 1454 618 affertur
1483 585 1621 618 libellus
1652 585 1720 626 (die
1747 585 1938 618 ramischen
1968 583 2170 618 Staltkalter·
2198 586 2234 617 in

431 644 551 689 Syrien
575 644 647 677 und
659 644 786 678 Iudaea
808 655 869 677 von
896 644 937 676 69
961 654 1019 677 vor
1041 643 1172 677 Christo
1197 643 1246 675 bis
1271 643 1313 676 69
1340 642 1425 675 naelz
1445 642 1586 676 Christo.
1620 642 1772 674 Berolini
1802 642 1896 675 1865.
1916 643 1945 674 8.
1964 653 2014 686 pp.
2033 642 2101 685 92),
2127 641 2233 674 multo
2261 660 2266 664 -

431 701 549 734 labore
573 707 610 735 et
635 702 721 734 bona
744 702 826 743 fide,
854 701 911 733 sed
936 711 978 733 ne
1001 700 1161 734 tirocinio
1188 701 1317 744 quidem
1341 700 1373 732 in
1400 700 1492 732 hisce
1517 699 1640 732 studiis
1665 699 1776 742 posito
1802 710 1872 732 rem
1898 709 1993 742 quam
2010 699 2234 732 tractavimus

432 771 613 802 aggressus
638 759 720 792 nihil
756 759 836 791 novi
871 757 1028 801 protulit,
1060 759 1146 800 quod
1176 768 1240 790 non
1273 757 1318 790 sit
1347 757 1516 800 ineptum,
1545 757 1790 799 ineptissimam
1815 761 1926 788 autem
1952 756 2097 789 omnium
2121 755 2234 788 Lucae
2283 780 2289 786 .

433 817 660 851 defensionem
683 818 768 849 hanc
793 817 836 859 (p.
855 815 897 847 33
915 815 996 858 sq.)‚
1022 825 1060 846 eo
1085 820 1248 858 tempore,
1273 825 1335 857 quo
1362 814 1516 847 Christus
1543 818 1640 846 natus
1665 819 1729 854 est,
1755 818 1822 846 tam
1848 813 1973 846 Varum
1999 813 2147 854 legatum
2171 811 2235 856 Sy-

431 875 504 907 riae
527 874 633 907 fuisse
659 883 755 916 quam
781 872 970 915 Quirinium
996 882 1196 914 censumque
1223 871 1411 913 Quirinium
1434 875 1505 903 tum
1530 872 1703 914 coepisse,
1735 869 1920 913 perfecisse
1944 875 2021 914 post
2044 880 2148 902 annos
2174 879 2235 902 no-

431 942 506 966 vem
531 931 564 963 in
590 931 762 972 legatione
788 930 910 962 altera.
959 927 1047 962 Sane
1072 929 1245 969 indignum
1269 927 1401 960 facinus
1428 938 1469 960 ne
1494 928 1529 960 in
1552 929 1615 960 hac
1639 927 1774 970 quidem
1799 927 1874 960 luce
1898 927 2094 959 litterarum
2118 927 2234 959 larvas

431 988 512 1020 illas
536 987 768 1020 tenebricosas
794 987 1033 1029 conquiescere
1068 996 1167 1028 posse
1193 990 1228 1018 et
1261 985 1300 1017 de
1334 985 1530 1027 quaestione
1557 984 1756 1017 difficillima
1782 985 1838 1017 vel
1862 985 1996 1017 hiscere
2022 974 2146 1016 audere
2172 984 2235 1016 ho-

430 1046 566 1085 minem,
599 1044 654 1086 qui
679 1045 824 1084 legatum
857 1043 1093 1087 proconsulem
1124 1047 1377 1085 procuratorem
1410 1048 1569 1085 perpetuo
1599 1042 1690 1075 inter
1725 1052 1763 1074 se
1788 1040 1970 1074 confundat
1995 1045 2028 1073 et
2051 1040 2234 1073 identidem

430 1102 546 1134 laudet
570 1106 739 1134 auctorem
764 1101 877 1134 nescio
903 1111 997 1144 quem
1024 1100 1129 1132 adhuc
1154 1100 1304 1141 ignotum
1329 1101 1520 1133 Suetonem.
