2430 3394
11 61 25 94 ll

487 127 541 166 26
1282 125 1310 168 I,
1337 126 1474 161 aeq-35

486 244 723 291 universum,
770 257 1002 296 quamquam
1041 251 1079 283 et
1116 245 1197 297 ipse
1227 245 1473 296 potissimum
1506 247 1645 284 famem
1677 258 1710 283 a.
1734 245 1814 284 759
1844 246 2016 298 respicit,
2059 247 2268 286 Suetonius

483 313 578 363 Aug.
602 314 672 351 41:
702 314 938 364 frumentum
969 326 1110 366 quoque
1141 316 1179 352 in
1211 325 1384 352 annonae
1417 314 1700 365 difficultatibus
1729 326 1835 365 saepe
1857 314 2047 359 levissimo,
2080 316 2269 355 interdum

482 381 588 419 nullo
622 385 741 432 pretio
783 385 922 422 viritim
961 383 1156 421 admensus
1187 390 1237 419 est
1268 390 1491 433 tesserasque
1523 383 1756 421 nummarias
1785 383 1998 433 duplicavit.
2058 383 2152 422 Nam
2184 385 2268 423 fru-

482 456 656 488 mentum
703 451 897 502 publicum
945 452 1021 489 sive.
1067 452 1140 488 fixo
1187 450 1307 501 pretio
1352 450 1451 501 plebi
1488 450 1790 489 distribuebatur
1831 451 1909 490 sive
1940 452 2045 491 nullo
2081 452 2135 503 (id
2166 454 2268 505 quod

482 530 614 556 verum
647 531 731 557 esse
765 525 851 569 post
881 519 974 557 alios
1005 519 1134 557 (locuit
1164 518 1255 556 Otto
1288 518 1501 557 Hirschfeld
1534 519 1720 570 Philologi
1751 532 1783 557 a.
1820 519 1923 559 1870
1954 534 1990 571 p.
2027 520 2088 567 13,
2119 534 2269 561 errores

481 599 501 625 a
540 598 600 625 me
640 587 842 637 aliquando
880 587 1110 628 commissos
1147 593 1248 626 recte
1287 587 1532 638 emendans),
1570 600 1743 626 annonae
1775 587 1978 627 difficultas
2008 602 2087 628 non
2118 590 2267 641 plebem

482 662 612 706 gravat
641 668 737 706 quae
769 658 1006 694 frumentum
1039 655 1186 707 accipit,
1219 655 1282 694 sed
1315 669 1396 694 rem
1430 656 1633 707 publicam.
1693 655 1828 706 Agitur
1865 656 1981 706 igitur
2010 657 2070 696 his
2100 658 2192 697 locis
2224 659 2269 697 de

480 736 652 762 annonae
691 724 845 763 caritate
887 724 934 762 ita
977 723 1191 763 sublevata,
1236 729 1276 761 ut
1315 726 1554 762 frumentum
1588 724 1710 775 pretio
1742 724 1844 763 iusto
1875 724 2014 763 leviore
2045 738 2090 764 ex
2120 726 2269 766 horreis

479 792 662 843 principis
693 792 730 830 in
765 792 856 831 urbe
888 793 1093 831 emendum
1126 799 1417 844 proponeretur,
1449 793 1642 831 interdum
1674 793 1768 831 adeo
1799 792 1845 831 ab
1876 793 2151 844 accipientibus
2181 807 2270 846 pre-

481 860 574 899 tium
619 861 767 899 nullum
807 862 1032 911 exigeretur.
1092 860 1187 899 Nam
1226 860 1263 899 in
1296 863 1534 900 frumentum
1567 861 1776 912 gratuitum
1808 861 1879 900 etsi
1910 861 2055 901 civibus
2086 862 2269 902 Romanis

478 928 635 967 urbanis
667 928 711 966 ad
743 940 887 967 annum
922 941 1041 979 usque
1074 929 1152 967 752
1184 929 1244 968 ius
1276 931 1348 968 fuit
1379 930 1561 969 omnibus
1592 930 1760 982 exceptis
1788 930 2030 969 senatoribus
2051 931 2268 982 equitibus-

479 1010 552 1048 que
589 997 786 1043 Romanis,
832 1003 919 1049 post
961 1010 1049 1036 eum
1085 1010 1229 1036 annum
1263 998 1361 1049 parti
1392 1012 1525 1037 eorum
1559 999 1669 1050 longe
1702 998 1901 1045 maximae,
1934 1011 1978 1037 eo
2010 999 2091 1038 solo
2121 1011 2269 1051 nequa-

478 1078 592 1117 quam
625 1078 799 1104 annonae
831 1067 922 1105 satis
953 1066 1150 1117 provisum
1183 1073 1275 1105 erat.
1337 1067 1386 1106 Ut
1417 1068 1565 1106 mittam
1609 1067 1647 1105 in
1685 1080 1727 1106 ea
1758 1079 1798 1105 re
1830 1066 1944 1106 etiam
1976 1067 2268 1119 peregrinorum

476 1135 514 1173 in
555 1134 649 1173 urbe
690 1134 909 1186 degentium
951 1136 1120 1187 adeoque
1161 1148 1359 1174 servorum
1401 1135 1616 1174 necessario
1654 1136 1843 1175 rationem
1885 1136 2099 1175 habendam
2137 1137 2268 1185 fuisse,

476 1203 798 1243 frumentationes
829 1204 957 1242 civiles
988 1217 1065 1243 non
1102 1204 1153 1242 ita
1192 1210 1432 1255 comparatae
1463 1211 1590 1249 erant,
1630 1210 1671 1243 ut
1702 1205 1748 1243 iis
1780 1205 1870 1243 solis
1902 1205 2041 1244 domus
2071 1211 2269 1245 sustenta-

476 1279 631 1319 rentur,
673 1273 737 1311 sed
779 1272 980 1323 plerasque
1017 1286 1147 1312 earum
1180 1280 1338 1325 propter
1367 1273 1507 1312 liberos
1540 1286 1816 1324 servorumque
1846 1273 2008 1313 familias
2039 1274 2086 1313 ab
2116 1287 2268 1314 annona

476 1341 701 1392 pependisse
732 1354 862 1379 rerum
896 1342 1079 1380 memoria
1111 1342 1324 1381 luculenter
1356 1342 1535 1381 ostendit.
1579 1342 1647 1381 Cui
1669 1342 1945 1393 ingravescenti
1967 1344 2162 1394 quomodo
2184 1343 2268 1395 opi-

477 1410 584 1449 tulati
624 1410 701 1449 sint
738 1410 951 1462 principes.
999 1411 1239 1462 aliquatenus
1277 1424 1322 1449 ex
1354 1424 1467 1463 supra
1500 1411 1634 1449 adlatis
1666 1410 1758 1449 locis
1789 1417 1964 1462 apparet,
2010 1411 2151 1462 quibus
2181 1412 2268 1451 addi

476 1485 603 1531 potest
633 1479 735 1529 quod
766 1479 881 1518 habet
911 1479 979 1518 Dio
1003 1480 1066 1525 53,
1100 1480 1123 1517 2
1155 1480 1200 1518 ad
1232 1493 1261 1518 a.
1288 1479 1391 1518 726:
1425 1479 1481 1533 Τῷ
1513 1477 1679 1531 πλήθει
1705 1477 2026 1530 ἰἐῑριιπλεέσιον
2046 1478 2121 1519 τὸν
2143 1486 2268 1519 σῖτον

477 1546 629 1599 ἔνειμε,
661 1560 749 1586 nam
782 1548 818 1586 id
851 1550 1089 1587 frumentum
1123 1548 1153 1587 si
1186 1549 1301 1599 gratis
1334 1548 1500 1587 divisum
1533 1554 1645 1593 esset,
1679 1548 1762 1586 sine
1793 1547 1909 1585 dubio
1940 1548 2138 1598 Augustus
2168 1548 2269 1587 inter

475 1616 721 1655 liberalitates
752 1629 829 1655 non
862 1617 1067 1656 omisisset.
1129 1617 1205 1655 Nec
1239 1617 1329 1655 mihi
1362 1616 1513 1655 videtur
1544 1616 1695 1654 defendi
1728 1628 1857 1667 posse,
1905 1617 2006 1667 quod
2050 1622 2139 1668 post
2174 1616 2267 1656 alios

476 1685 645 1724 defendit
678 1684 955 1724 Hirschfeldius
986 1686 1009 1723 1.
1042 1699 1087 1730 c.,
1120 1692 1285 1724 tesseras
1316 1685 1554 1724 nummarias
1586 1698 1665 1723 uno
1696 1685 1779 1723 loco
1810 1697 1924 1735 supra
1956 1684 2070 1724 citato
2092 1685 2267 1725 inventas

476 1753 567 1804 (iam
599 1753 701 1791 enim
735 1753 909 1804 explosae
949 1759 1039 1792 sunt
1070 1754 1222 1805 Bergkii
1258 1767 1380 1805 nugae
1421 1754 1666 1800 artificiosae,
1709 1753 1848 1804 quibus
1889 1759 2052 1792 tesseras
2084 1766 2147 1792 eas
2177 1753 2269 1793 huic

474 1821 590 1860 indici
622 1821 657 1867 3,
692 1822 742 1860 Δ’10
775 1821 872 1860 male
904 1822 1075 1869 intrusit)
1107 1823 1208 1874 ipsas
1241 1836 1323 1861 esse
1356 1823 1627 1862 frumentarias
1650 1835 1761 1874 saepe
1791 1828 2033 1868 memoratas
2066 1822 2131 1861 sed
2163 1823 2266 1874 quod

475 1903 616 1929 nomen
656 1890 797 1929 indicat
834 1903 895 1928 res
933 1903 1086 1941 quoque
1126 1891 1280 1942 flagitat,
1318 1894 1559 1930 frumentum
1593 1898 1784 1943 quatenus
1816 1891 1932 1942 gratis
1963 1890 2267 1940 ministrabatur,

475 1958 638 1998 divisum
671 1971 753 1997 esse
786 1959 883 1998 datis
916 1959 1070 1998 tesseris
1102 1960 1385 2006 frumentariis,
1418 1967 1609 2011 quatenus
1640 1959 1794 1998 venibat
1823 1959 1963 1998 leviore
1994 1959 2138 2011 pretio,
2170 1959 2268 2000 datis

472 2027 715 2066 nummariis.
778 2027 929 2066 Scilicet
959 2029 1024 2079 qui
1056 2028 1171 2067 rebus
1202 2034 1377 2079 praeerat
1406 2041 1494 2067 cum
1533 2027 1819 2075 constituisset,
1861 2033 2050 2079 quantum
2082 2029 2267 2068 frumenti

473 2109 549 2147 quo
579 2096 703 2147 pretio
732 2096 783 2135 ita
814 2097 1047 2135 venumdare
1078 2097 1255 2149 placeret,
1287 2097 1532 2136 admissionis
1563 2098 1607 2136 ad
1636 2097 1734 2135 hanc
1755 2096 2021 2136 liberalitatem
2049 2103 2087 2136 et
2108 2109 2268 2137 mensu-

472 2177 535 2203 rae
579 2165 702 2203 officia
746 2165 908 2204 discreta
948 2165 1065 2204 fuisse
1104 2172 1279 2216 apparet,
1329 2170 1371 2203 ut
1408 2166 1474 2215 qui
1512 2164 1614 2203 illam
1653 2170 1878 2217 expeterent
1916 2171 2068 2217 recepto
2107 2165 2266 2205 nomine

472 2240 509 2272 et
530 2233 653 2285 pretio
676 2233 813 2279 soluto,
833 2234 1028 2272 interdum
1052 2232 1165 2272 etiam
1189 2232 1351 2271 remisso
1375 2239 1559 2272 tesseram
1583 2233 1799 2286 acciperent
1821 2240 1859 2272 et
1875 2246 1943 2285 per
1959 2246 2041 2272 eam
2059 2246 2106 2273 ex
2119 2234 2268 2274 horreis

472 2304 725 2340 frumentum.
770 2301 849 2340 Hoc
877 2302 925 2340 ita
950 2304 1091 2340 factum
1116 2315 1210 2347 esse,
1234 2309 1277 2340 ut
1299 2302 1459 2352 singulis
1482 2302 1592 2341 annis
1614 2303 1745 2341 eadem
1767 2303 1845 2340 fere
1866 2301 2051 2341 frumenti
2073 2303 2267 2353 quantitas

472 2371 606 2409 eodem
644 2371 767 2421 pretio
808 2371 972 2411 veniret.
1014 2376 1052 2408 et
1092 2383 1159 2421 per
1201 2383 1240 2408 se
1283 2370 1470 2408 rationem
1515 2371 1627 2409 habet
1664 2377 1701 2409 et
1730 2383 1774 2408 eo
1806 2370 2118 2418 commendatur,
2163 2371 2266 2422 quod

471 2438 511 2476 in
544 2438 698 2477 tributis
731 2438 776 2476 de
808 2451 878 2476 suo
901 2438 1092 2477 solvendis
1114 2440 1311 2490 Augustus
1337 2439 1499 2477 similem
1524 2438 1714 2477 rationem
1737 2444 1891 2477 secutus
1914 2444 1972 2477 est
1995 2442 2044 2487 (v.
2067 2439 2113 2478 ad
2135 2438 2172 2486 3,
2195 2438 2266 2490 40)

472 2513 510 2545 et
539 2506 628 2545 inde
659 2506 860 2557 colligitur,
893 2507 994 2557 quod
1027 2515 1131 2546 extra
1163 2508 1350 2553 ordinem,
1384 2507 1461 2545 sive
1494 2507 1732 2546 necessitatis
1760 2519 1873 2545 causa
1895 2507 1972 2546 sive
2004 2507 2051 2546 ob
2073 2507 2264 2559 publicam

471 2576 666 2621 laetitiam,
710 2582 878 2614 tesserae
924 2576 1164 2614 nummariae
1210 2577 1455 2628 duplicantur
1495 2576 1551 2615 vel
1584 2576 1940 2628 quadruplicantur.
2002 2575 2082 2615 Hoc
2114 2581 2263 2615 tantum

471 2644 628 2683 nomine
670 2645 989 2683 frumentationes
1027 2645 1214 2695 gratuitae
1255 2652 1293 2684 et
1331 2645 1515 2684 frumenti
1558 2645 1723 2683 venditio
1763 2644 1877 2683 modo
1908 2644 2006 2683 dicta
2038 2644 2265 2684 coniunctae

472 2714 647 2759 fuerunt,
686 2713 786 2764 quod
827 2720 1037 2764 utrumque
1068 2714 1265 2765 negotium
1300 2714 1436 2753 Caesar
1471 2727 1540 2766 per
1575 2715 1730 2753 eosdem
1762 2713 1933 2765 perfecit,
1965 2713 2001 2751 id
2033 2713 2135 2764 quod
2167 2713 2264 2752 clare

472 2782 646 2820 enuntiat
676 2782 744 2820 Dio
785 2782 910 2820 verbis
949 2795 1062 2833 supra
1102 2782 1246 2829 citatis,
1285 2782 1349 2821 sed
1388 2784 1502 2821 etiam
1541 2783 1680 2821 clarius
1719 2795 1762 2820 ex
1800 2781 1978 2820 universa
2008 2793 2138 2820 rerum
2171 2793 2265 2820 con-

472 2850 619 2889 dicione
657 2850 902 2901 intellegitur.
962 2851 1057 2889 Nam
1098 2864 1211 2890 curae
1252 2863 1426 2890 annonae
1464 2850 1546 2889 sine
1586 2850 1702 2890 dubio
1738 2863 1826 2902 pars
1858 2850 2036 2889 facillima
2066 2851 2262 2901 negotium

470 2918 543 2957 fuit
591 2926 713 2958 certae
759 2919 984 2970 quantitatis
1024 2920 1207 2958 frumenti
1249 2919 1363 2958 certis
1403 2919 1626 2958 hominibus
1665 2919 1781 2970 gratis
1819 2918 2190 2965 subministrandae;
2227 2923 2265 2956 at

472 2994 515 3025 ut
554 2988 709 3039 reliquis
747 3001 905 3039 magnae
948 2988 1054 3027 urbis
1096 2988 1230 3027 incolis
1270 2990 1508 3027 frumentum
1541 3000 1695 3039 semper
1726 2994 1948 3039 suppeteret
1977 2987 2077 3026 iusta
2107 2985 2263 3037 quanti-

472 3061 547 3094 tate
588 3062 626 3094 et
656 3057 757 3095 iusto
787 3057 930 3108 pretio,
973 3070 1014 3096 ea
1046 3058 1204 3095 deorum
1237 3069 1327 3096 cura
1358 3057 1432 3095 iam
1464 3056 1648 3108 principis
1680 3058 1776 3096 faeta
1808 3068 1922 3108 supra
1953 3055 2150 3094 hominem
2181 3060 2262 3093 erat
