2430 3394
495 123 580 164 134
1282 119 1325 161 v,
1353 120 1491 153 ,ῆι-53

494 242 534 280 111
556 240 780 280 universum
802 242 849 279 cf.
873 240 978 279 Suet.
1002 239 1096 289 Aug.
1119 237 1190 275 21:
1225 238 1474 284 Quorundam
1498 238 1749 276 barbarorum
1778 241 1962 289 principes
1984 242 2021 277 in
2044 240 2133 278 aede
2156 238 2289 277 Martis

491 311 628 349 ultoris
667 312 798 348 iurare
830 310 941 360 coeyz’c
972 318 1170 347 mansuros
1202 319 1239 345 se
1269 309 1306 344 ‘in
1336 306 1408 357 [ide
1439 313 1471 345 el
1496 318 1591 357 pace
1622 318 1732 358 quam
1761 314 1939 356 peterem.
1968 331 2020 334 ——
2043 307 2288 358 Legationem

495 378 724 430 Scytharum
758 383 976 416 memorant
1007 388 1081 414 una
1114 386 1203 412 cum
1225 373 1354 412 Indica
1386 373 1595 412 Suetonius
1616 373 1754 412 Florus
1777 373 1938 412 Orosius
1969 382 2102 413 auctor
2132 375 2178 413 de
2200 373 2290 412 viris

492 446 721 493 illustribus,
763 446 1027 485 Sarmatarum
1066 443 1202 481 Florus
1244 448 1281 481 et
1320 448 1455 480 auctor
1493 441 1594 480 idem
1635 444 1684 490 (v.
1716 442 1761 480 ad
1796 443 1838 488 5,
1871 442 1959 491 5());
1998 442 2165 494 1611111136
2203 442 2291 481 alibi

492 528 570 554 non
601 514 863 553 nominantur.
912 513 1011 551 Sunt
1031 517 1159 550 autem
1183 509 1315 562 populi
1336 509 1402 561 qui
1424 510 1486 548 hic
1507 517 1786 549 enumerantur
1809 511 2121 549 transdanuviani
2143 524 2291 557 omnes,

494 583 672 622 recensiti
704 582 839 621 ordine
870 584 948 619 sere
970 578 1244 634 geographico.
1269 602 1315 605 -
1343 578 1439 616 Cum
1472 578 1668 617 Bastarnis
1700 594 1719 617 e
1742 579 1895 630 regione
1917 579 2080 618 Moesiae
2101 579 2292 619 inferioris

498 658 607 691 trans
629 651 844 689 Danuvium
879 647 1107 699 degentibus
1138 647 1280 685 bellum
1315 646 1434 697 gessit
1464 660 1496 685 a.
1521 647 1601 686 725
1624 647 1672 685 M.
1696 648 1857 686 Crassus
1891 648 1988 690 (Liv.
2011 662 2069 700 ep.
2094 648 2194 695 1343
2226 648 2294 687 Dio

496 722 560 767 51,
585 720 648 758 23.
673 719 746 765 243
778 719 906 757 Victor
936 716 1028 768 epit.
1054 717 1087 762 1,
1122 715 1176 766 7).
1198 739 1252 743 —
1276 715 1438 766 Scythae
1471 715 1748 767 intelleguntur
1779 717 1861 755 sine
1893 717 2009 755 dubio
2041 716 2107 767 qui
2138 718 2296 756 suerunt

496 791 597 828 inter
637 787 852 827 Danuvium
893 792 931 824 et
969 784 1250 836 Borysthenem
1290 784 1354 835 (cf.
1385 784 1539 823 Boeckh
1571 784 1611 823 C.
1635 786 1660 823 Ι.
1685 786 1747 823 Gr.
1772 785 1795 823 2
1827 798 1863 837 p.
1887 784 1970 836 82).
2002 809 2056 812 ψ
2088 786 2294 833 Sarmatas,

495 870 661 909 quorum
694 869 803 907 reges
835 855 948 893 etiam
983 853 1119 892 titulus
1143 852 1452 904 Olbiopolitanus
1476 854 1515 891 C.
1539 853 1565 891 l.
1590 854 1653 891 Gr.
1678 853 1786 893 2065
1809 860 2102 902 commemorat,
2133 854 2305 905 Augusti·

495 932 616 966 aetate
654 931 858 975 utramque
890 922 1028 961 Tanais
1066 922 1187 972 ripam
1229 920 1401 960 tenuisse
1433 922 1735 961 commentarius
1768 922 1977 974 significat,
2019 923 2121 974 quod
2152 922 2299 962 accedit

497 992 726 1033 testimoniis
757 991 926 1030 collectis
957 990 1003 1029 ab
1035 990 1168 1028 eodem
1203 990 1396 1028 Boeckhio
1428 990 1451 1028 l.
1475 1002 1506 1028 c.
1530 1003 1567 1042 p.
1592 989 1666 1038 83,
1698 1004 1785 1029 113111
1819 1004 1908 1029 611111
1944 991 2081 1030 Strabo
2113 991 2150 1039 2,
2184 993 2220 1039 5,
2244 991 2296 1031 30

495 1076 531 1114 p.
559 1062 634 1100 128
669 1062 863 1100 Sarmatas
896 1059 1075 1098 extendat
1108 1071 1229 1109 usque
1259 1059 1305 1097 ad
1337 1058 1482 1097 Tanain
1515 1066 1553 1098 et
1584 1059 1762 1110 paludem
1796 1059 1981 1106 Maeotin,
2024 1066 2151 1098 tamen
2182 1060 2297 1099 etiam

494 1131 595 1169 intra
626 1129 771 1168 Tanain
802 1134 840 1167 et
871 1128 1084 1167 Caucasum
1117 1140 1182 1166 eos
1214 1126 1426 1179 posteriore
1457 1140 1611 1178 quoque
1643 1134 1765 1167 aetate
1797 1128 2027 1167 habitavisse
2058 1128 2224 1168 efficitur
2254 1142 2300 1168 ex

499 1199 631 1238 Tacito
663 1211 750 1237 ann.
773 1198 810 1244 6,
834 1197 898 1236 33.
956 1196 1169 1235 Confirmat
1198 1195 1237 1234 id
1268 1195 1417 1234 Plinius
1448 1196 1630 1235 adserens
1662 1197 1796 1248 degere
1828 1210 1892 1235 eos
1923 1196 2022 1235 circa
2053 1195 2212 1235 Tanaim
2244 1196 2299 1246 (2,

501 1268 598 1315 108,
632 1267 724 1306 246.
757 1267 801 1313 6,
834 1267 876 1312 7,
912 1265 979 1316 19)
1018 1265 1062 1304 311
1103 1265 1315 1304 Caucasum
1358 1277 1479 1316 usque
1516 1266 1580 1316 (6,
1613 1266 1658 1311 5,
1692 1266 1755 1304 16.
1787 1265 1859 1312 13,
1889 1266 1972 1313 40).
2034 1266 2298 1305 Sarmatarum

496 1349 638 1376 nomen
671 1348 759 1375 611111
791 1335 918 1387 ipsum
949 1335 1052 1386 apud
1084 1340 1216 1385 poetas
1239 1333 1416 1384 aequales
1439 1346 1516 1372 non
1540 1334 1767 1385 reperiatur,
1800 1333 2005 1385 significari
2028 1334 2208 1373 videntur
2229 1327 2312 1373 51111

496 1405 654 1444 1101111116
692 1404 947 1450 Gelouorum,
992 1403 1135 1454 quibus
1173 1403 1314 1442 Graeca
1358 1402 1542 1441 fabulatio
1583 1403 1711 1442 locum
1751 1403 1849 1442 eirca
1889 1403 2034 1442 Tanain
2073 1403 2303 1442 adiudicavit

496 1474 716 1525 ibidemque
748 1473 884 1524 degere
915 1471 1030 1511 etiam
1054 1471 1238 1510 Horatius
1268 1471 1396 1510 innuit
1413 1470 1452 1523 ¹).
1495 1472 1660 1510 Gelonos
1681 1478 1720 1511 et
1742 1471 1930 1523 Vergilius
1953 1478 2128 1511 recenset
2147 1471 2240 1510 Aen.
2263 1471 2300 1519 8,

499 1542 578 1582 725
615 1542 716 1581 inter
753 1541 915 1594 populos
956 1540 1143 1592 triumphi
1173 1539 1317 1579 Actiaci
1358 1546 1397 1579 et
1424 1540 1606 1580 Horatius
1645 1553 1762 1579 carm.
1788 1540 1824 1587 2,
1857 1541 1881 1579 9
1912 1542 1977 1579 tin.
2010 1540 2112 1579 inter
2148 1546 2302 1592 tropaea

498 1611 662 1663 Augusti
700 1611 774 1649 1106
804 1623 957 1661 quoque
990 1610 1121 1661 posuit
1150 1612 1254 1649 intra
1279 1611 1555 1661 praescriptum
1591 1608 1748 1649 Gelonos
1778 1613 1924 1661 eaeiym's
1954 1612 2120 1661 equitare
2152 1613 2302 1661 campis,

500 1680 752 1731 similiterque
782 1679 822 1717 in
851 1678 1020 1718 carmine
1052 1678 1088 1725 3,
1113 1677 1148 1725 8,
1172 1677 1224 1716 23
1260 1677 1402 1729 scripto
1431 1678 1530 1716 circa
1558 1684 1712 1729 tempus
1745 1677 1833 1716 belli
1854 1678 1998 1717 Actiaci
2028 1681 2103 1717 iam
2133 1678 2302 1730 Scythae,

499 1749 636 1800 inquit.
671 1749 760 1788 lamo
792 1749 1024 1787 medicantur
1055 1759 1146 1786 arcu
1179 1747 1305 1786 cedere
1337 1749 1486 1798 campis,
1522 1753 1563 1785 ut
1585 1752 1751 1798 utroque
1772 1746 1856 1785 loco
1879 1746 2069 1797 significet
2093 1746 2302 1786 terminum

501 1817 663 1868 aliquem
707 1815 891 1856 Sarmatis
936 1815 1216 1867 praescriptum
1263 1828 1365 1862 esse,
1411 1828 1525 1867 quem
1564 1828 1642 1854 11011
1680 1815 1921 1854 excederent.
1990 1814 2128 1854 Tanais
2165 1815 2306 1855 discors

502 1886 666 1937 denique.
697 1885 736 1923 in
769 1884 939 1923 carmine
970 1884 1184 1923 eorundem
1216 1895 1406 1922 annorum
1440 1884 1476 1930 3,
1500 1883 1566 1931 29,
1590 1883 1642 1923 28
1674 1886 1839 1923 fortasse
1871 1895 1959 1922 cum
1991 1883 2124 1922 eadem
2147 1896 2188 1922 re
2210 1896 2304 1922 con-

501 1955 658 1994 iunctus
690 1960 760 1993 est.
821 1954 973 1992 Certam
1017 1951 1377 2004 interpretationem
1409 1964 1538 1990 rerum
1571 1952 1780 2004 scriptores
1811 1964 1889 1990 non
1922 1951 2191 2003 suppeditant3
2223 1952 2305 1991 fieri

502 2030 649 2076 potest,
682 2030 724 2062 ut
755 2024 916 2061 Crassus
947 2021 1046 2060 bello
1078 2034 1141 2068 60,
1175 2021 1218 2060 de
1252 2034 1328 2072 quo
1361 2020 1541 2067 diximus,
1574 2020 1690 2060 etiam
1721 2033 1809 2060 cum
1845 2021 2032 2060 Sarmatis
2064 2020 2237 2060 tractarit
2267 2027 2306 2060 et

504 2093 693 2133 eiusmodi
723 2091 969 2131 condiciones
991 2090 1038 2129 iis
1060 2090 1303 2142 imposuerit.
1341 2090 1520 2129 Ceterum
1544 2089 1796 2142 interpretem
1819 2096 1921 2129 recte
1944 2089 2098 2129 monuit
2118 2089 2306 2141 Bergkius

503 2176 540 2214 p.
566 2163 643 2201 115
676 2162 730 2201 516
761 2166 908 2200 vertere
939 2160 1135 2199 debuisse:
1167 2159 1405 2213 Σαρματῶν
1435 2160 1520 2198 τῶν
1548 2157 1732 2199 ἐπιτάδε
1760 2157 1898 2199 ὄντων
1918 2174 1952 2198 τ.
1981 2161 2028 2198 T.
2052 2173 2098 2198 π.
2129 2157 2307 2198 καὶτῶν

506 2232 645 2283 πέραν
675 2228 885 2282 βασιλεῖς.
917 2253 968 2257 -
1000 2229 1235 2268 Albanorum
1267 2241 1395 2279 regem
1417 2228 1721 2276 Pharnabazum,
1746 2229 1976 2268 Hiberorum
2001 2228 2185 2268 Zoherem
2218 2228 2308 2268 vicit

505 2314 538 2339 a.
562 2299 641 2339 718
681 2298 836 2338 Antonii
875 2297 1057 2349 auspiciis
1094 2297 1135 2335 P.
1160 2297 1341 2336 Canidius
1372 2298 1533 2336 Crassus
1565 2297 1651 2348 (Dio
1683 2298 1754 2344 49,
1790 2297 1879 2345 24);
1919 2310 2007 2336 cum
2039 2298 2212 2348 Augusto
2249 2298 2307 2336 vel

507 2370 578 2408 hos
610 2368 668 2407 vel
699 2368 838 2406 horum
871 2379 1114 2405 successores
1156 2365 1432 2405 commercium
1464 2365 1645 2404 habuisse
1682 2378 1796 2404 nemo
1828 2372 2025 2417 praeterea
2055 2365 2213 2405 tradidit
2243 2365 2306 2415 (cf.

508 2438 552 2477 ad
586 2438 623 2484 6,
649 2438 702 2481 1).
755 2436 934 2474 Testatur
965 2441 1093 2474 autem
1117 2434 1253 2474 Strabo
1285 2435 1322 2482 6,
1345 2435 1383 2481 4,
1406 2434 1429 2472 2
1461 2447 1496 2486 p.
1520 2434 1599 2473 288
1634 2434 1840 2480 Romanos,
1875 2434 1939 2473 ubi
1970 2434 2098 2482 velint,
2129 2435 2307 2474 dominos

507 2507 568 2545 his
599 2518 753 2557 quoque
785 2504 1007 2543 nationibus
1040 2504 1141 2542 dare.
1173 2526 1225 2530 —
1248 2502 1301 2542 De
1323 2502 1444 2542 Medis
1476 2502 1558 2541 vide
1590 2516 1687 2553 quae
1717 2516 1832 2555 supra
1864 2517 1899 2555 p.
1926 2503 2092 2554 109seq.
2125 2503 2306 2542 diximus.

644 2663 671 2704 ¹)
697 2672 796 2694 carm.
819 2662 848 2700 3,
868 2662 899 2699 4,
917 2661 976 2692 35:
1017 2662 1123 2691 risam
1154 2661 1367 2703 pharetratos
1395 2658 1531 2691 Gelonos
1556 2662 1584 2691 et
1611 2658 1803 2702 Scythicum
1828 2659 2011 2692 inviolatus
2035 2670 2176 2692 amnem.
2226 2660 2309 2703 Scy-

509 2721 585 2752 thae
618 2730 690 2752 cum
722 2720 805 2762 apud
833 2718 1017 2758 Vergilium
1049 2717 1143 2749 modo
1177 2718 1217 2748 ad
1243 2717 1345 2749 Oxum
1372 2718 1449 2757 (egl.
1472 2718 1498 2758 1,
1517 2718 1583 2757 (35),
1614 2718 1708 2749 modo
1742 2716 1780 2747 ad
1807 2715 2004 2748 Maeotidem
2033 2718 2160 2757 (georg.
2182 2716 2308 2757 1,349)

511 2777 715 2817 referantur,
741 2782 776 2807 ut
802 2786 873 2807 eum
902 2776 1108 2816 cogitavisse
1135 2780 1294 2817 appareat
1320 2775 1359 2805 de
1385 2775 1542 2806 universa
1569 2774 1706 2816 Scythia
1733 2779 1796 2805 tani
1824 2774 1975 2805 Asiatica
2002 2784 2095 2816 quam
2124 2774 2309 2816 Europaea‚

511 2835 596 2878 apud
622 2834 795 2866 Horatium
831 2838 864 2864 et
893 2833 1038 2875 epitheta
1069 2833 1303 2874 campestrium
1329 2831 1609 2874 profugorumque
1641 2837 1675 2863 et
1701 2831 1784 2873 quod
1811 2830 1937 2863 Tanain
1966 2831 2156 2874 Scythicum
2183 2841 2308 2863 amnem

512 2893 607 2932 dicit,
638 2898 676 2923 ad
704 2891 871 2932 Europam
903 2891 1042 2929 ducunt,
1075 2890 1336 2930 crediderimque
1368 2890 1452 2931 apud
1483 2890 1569 2920 hune
1593 2894 1723 2931 poetam
1747 2889 1852 2930 magis
1878 2898 1969 2930 quam
1996 2888 2184 2928 Vergilium
2211 2889 2309 2920 etiam

511 2951 544 2981 111
582 2949 743 2981 fabulosis
770 2958 925 2980 verarum
957 2958 1068 2978 rerum
1094 2957 1271 2978 liu-morem
1296 2947 1354 2978 sub
1382 2957 1419 2978 eo
1446 2956 1571 2988 quoque
1601 2947 1731 2977 nomiae
1755 2948 1925 2978 Sarmatas
1951 2946 2158 2988 potissimum
2183 2945 2310 2991 signifi·-

516 3007 598 3038 eari.
654 3006 746 3047 Quod
777 3009 1018 3047 componuntur
1044 3015 1114 3035 eum
1146 3005 1241 3036 Dacis
1269 3006 1383 3044 (carm.
1412 3007 1442 3045 1,
1465 3005 1518 3044 35,
1544 3004 1589 3044 9),
1622 3003 1755 3035 Parthis
1786 3004 1898 3044 (carm.
1922 3004 1950 3044 1,
1980 3004 2030 3043 19,
2056 3004 2104 3034 10.
2130 3004 2162 3043 4,
2187 3004 2217 3044 5,
2242 3002 2309 3042 25),

517 3064 695 3096 Cantabris
721 3062 834 3104 (carm.
856 3064 886 3103 2,
914 3064 965 3103 11,
994 3061 1036 3105 1),
1061 3062 1229 3104 propriam
1254 3061 1511 3093 communionem
1538 3061 1662 3092 nullam
1688 3061 1823 3092 indicat.

2391 3208 2430 3394 θῖν’»,
