2227 3452
959 123 988 164 Ι,
1018 124 1058 157 19
1086 124 1130 157 20
1913 128 1937 168 9

156 257 195 283 se
230 245 468 296 praedicare,
505 244 607 295 quod
637 244 831 295 praedicat
858 243 1056 294 Augustus
1099 248 1300 281 enervatus
1341 243 1512 294 Bergkii,
1550 258 1660 296 agros
1691 259 1731 285 se
1761 246 1939 297 adsigna-

155 313 271 355 visse,
309 313 346 352 id
384 314 485 364 quod
523 315 692 352 fecerant
730 312 860 357 multi,
901 311 967 350 sed
1005 322 1116 361 agros
1147 310 1406 360 adsignavisse
1437 323 1457 349 a
1489 324 1529 350 se
1561 319 1734 363 emptos,
1766 313 1802 352 id
1834 315 1938 365 quod

152 381 235 432 ipse
264 381 354 420 tecit
384 381 555 433 primus3
587 381 763 420 similiter
791 392 869 419 non
901 380 1068 431 praemia
1099 392 1139 417 se
1171 378 1329 417 solvisse
1360 378 1560 425 militibus,
1591 393 1688 430 quae
1718 383 1937 422 communis

154 455 233 488 erat
263 450 345 488 laus
375 449 653 501 imperatorum
685 448 870 495 omnium,
903 448 968 486 sed
1001 446 1159 486 solvisse
1190 447 1234 485 de
1266 446 1499 498 patrimonio
1528 447 1686 498 privato.
1736 449 1938 490 Praeterea

154 518 465 570 supplementum
499 518 601 568 quod
632 524 689 556 est
718 530 785 569 pro
810 518 976 569 praediis
1007 529 1051 555 eo
1081 515 1240 554 nomine
1271 522 1403 566 aptum
1442 522 1511 562 est,
1549 517 1651 567 quod
1688 516 1756 555 Dio
1788 519 1852 564 54,
1885 519 1935 558 25

152 587 196 625 ad
229 599 260 626 a.
285 587 361 624 741
396 586 450 625 sic
482 586 633 625 scribit:
680 584 847 632 διέταξε
882 582 935 624 τά
970 600 1013 624 τε
1052 582 1122 637 §my
1169 581 1251 623 ὅσα
1297 581 1338 622 οἳ
1384 583 1563 624 πολῖται
1611 583 1938 637 στρατειῖσοιντο

153 654 224 693 καὶ
256 653 308 693 τά
338 653 534 708 χρήματα
572 650 653 694 ὅσα
690 651 963 706 παυσάμενοι
1002 653 1072 706 τῆς
1109 654 1335 704 στρατείας
1365 649 1457 692 ἀντὶ
1495 654 1568 706 τῆς
1607 652 1747 706 χώρας
1784 651 1834 707 ἢν
1871 652 1938 694 cisti

152 737 259 763 ποτε
291 721 419 778 ᾔτουν
450 720 660 776 λήψοιντο
693 723 756 774 (cf.
792 723 1001 762 Suetonius
1032 723 1126 773 Aug.
1159 723 1231 760 49:
1276 723 1452 775 quidquid
1482 724 1614 775 ubique
1645 723 1806 763 militum
1835 732 1936 770 esset,

152 793 202 832 ad
232 799 371 832 certam
401 792 663 844 stipendiorunz
690 795 1015 843 praemiorumque
1051 791 1262 842 formulam
1306 791 1548 841 aclslrinoez't);
1590 804 1680 830 nam
1718 805 1806 831 cum
1851 793 1938 832 inde

152 867 331 913 appareat
375 866 462 912 post
507 873 684 911 agrorum
736 860 1039 911 adsignationem
1093 859 1281 898 veteranis
1335 862 1472 899 factam
1518 874 1550 899 a.
1589 862 1667 900 740
1718 862 1936 913 Augustum

154 929 346 975 statuisse,
388 935 429 968 ut
467 929 504 967 in
536 931 712 968 futurum
744 942 813 981 pro
844 929 943 980 agris
974 928 1134 980 pecunia
1168 928 1356 968 veteranis
1389 929 1555 975 daretur,
1593 935 1695 968 recte
1734 930 1771 968 id
1808 930 1937 982 ipsum

152 999 224 1037 hoc
254 998 336 1037 loco
368 997 571 1049 significari
612 998 749 1048 potuit.
810 998 940 1049 Itaque
973 1004 1015 1036 ut
1054 997 1211 1036 minime
1249 999 1440 1037 contendo
1477 998 1557 1049 ipsa
1600 998 1786 1050 principis
1824 999 1937 1038 verba

152 1066 206 1104 sic
234 1073 455 1118 recuperata
488 1078 583 1112 esse,
624 1072 662 1104 et
698 1079 745 1104 ne
778 1066 933 1117 vestigia
971 1066 1125 1117 quidem
1165 1067 1377 1119 scripturae
1418 1067 1468 1105 ita
1508 1067 1685 1118 expedire
1725 1067 1935 1118 potuimus,

153 1142 194 1174 ut
223 1136 334 1186 plane
365 1134 476 1174 nobis
509 1134 828 1180 satisfaceremus,
861 1135 1091 1174 sententiam
1121 1142 1221 1174 recte
1254 1148 1313 1174 me
1342 1136 1566 1175 adsecutum
1590 1149 1674 1175 esse
1695 1143 1790 1188 puto
1812 1149 1936 1188 neque

149 1203 305 1254 antiqua
351 1204 618 1255 supplementa
662 1203 823 1250 mutavi,
870 1216 1103 1254 quamquam
1142 1204 1290 1243 hiatum
1328 1210 1416 1243 ante
1452 1217 1508 1243 me
1545 1217 1681 1243 novem
1719 1204 1934 1244 litterarum

149 1284 325 1324 capacem
357 1278 441 1311 octo
474 1271 564 1310 solis
595 1271 752 1323 explevi.

174 1470 258 1496 LAT‚
287 1459 318 1505 l,
344 1472 374 1497 19
397 1471 431 1497 ρο
468 1458 588 1497 Naves
611 1458 693 1509 copi
715 1460 920 1507 sescen[las
939 1460 1100 1509 praeter]
1127 1458 1130 1479 ¹

466 1528 634 1564 fuerunt.
667 1530 689 1573 ς’
717 1524 721 1579 Ι

235 1607 293 1633 GR.
317 1594 353 1640 2,
377 1608 390 1632 ῖ
411 1606 427 1629 s
470 1597 620 1645 vestiqz'a
652 1596 765 1634 (lubia
796 1608 871 1634 non
900 1598 1014 1646 aeteya

1159 1460 1233 1505 eas,
1252 1460 1282 1498 si
1305 1473 1400 1511 quae
1420 1460 1599 1510 minore[s
1620 1473 1730 1512 qnam
1747 1461 1935 1510 trir]emes

147 1681 423 1732 Supplementa
455 1680 595 1720 retinui
631 1681 716 1720 talia
748 1684 837 1729 sere,
871 1682 995 1732 qualia
1028 1682 1206 1720 dederam
1239 1682 1277 1721 in
1309 1683 1475 1721 editione
1508 1683 1633 1734 priore
1675 1684 1936 1736 dederantque

144 1756 230 1789 ante
262 1762 323 1788 me
355 1749 437 1795 alii,
469 1750 654 1800 Bergkius
687 1752 788 1801 quod
832 1751 1046 1802 proposuit:
1080 1759 1261 1791 sescentas
1304 1754 1403 1803 fere:
1451 1764 1524 1802 eas,
1571 1756 1604 1791 si
1639 1766 1731 1804 qnae
1776 1756 1937 1792 nztnores

145 1832 255 1871 quam
287 1819 441 1858 biremes
470 1820 645 1869 fuerunt.
686 1819 862 1858 (allevavi
899 1826 935 1857 et
967 1819 1011 1857 ad
1051 1819 1281 1858 sententiam
1329 1820 1502 1872 ineptum
1550 1828 1607 1860 est
1652 1822 1756 1871 (nam
1804 1822 1937 1861 debuit

144 1887 352 1939 imperator
383 1900 498 1925 naves
530 1894 658 1939 captas
681 1900 891 1926 numerans
913 1887 1040 1938 aliquo
1064 1889 1178 1926 modo
1200 1889 1344 1939 lyntres
1366 1890 1579 1933 excludere,
1614 1889 1713 1928 sicut
1735 1890 1800 1929 Dio
1824 1891 1887 1929 51.
1914 1892 1931 1928 1

145 1956 277 1995 scribit
307 1968 395 1994 eum
431 1955 606 1995 triremes
638 1957 876 2007 maioresque
909 1969 1023 1994 naves
1055 1956 1099 1994 ad
1132 1956 1286 1995 Actium
1326 1963 1454 2008 captas
1486 1957 1650 2009 Apollini
1690 1958 1934 2004 dedicavisse,

143 2024 246 2063 nullo
285 2024 398 2063 modo
429 2030 556 2063 autem
591 2026 635 2064 ad
668 2025 764 2064 hanc
796 2025 1042 2064 victoriarum
1081 2025 1307 2063 memoriam
1345 2026 1551 2076 adiungere
1589 2026 1849 2065 narrationem
1891 2027 1936 2065 de

142 2092 304 2132 navibus
336 2092 495 2144 captivis
527 2093 657 2132 nescio
694 2107 770 2144 quo
810 2094 923 2132 modo
962 2093 1218 2144 amplificatis)
1252 2101 1289 2132 et
1319 2107 1363 2133 eo
1404 2095 1553 2139 nititur,
1592 2095 1694 2145 quod
1733 2096 1935 2135 commatis

142 2166 273 2199 notam
306 2161 552 2212 spatiumque
584 2174 746 2201 vacuum
778 2175 798 2200 a
828 2162 988 2201 Perroto
1028 2168 1129 2200 recte
1168 2162 1378 2213 significata
1410 2163 1595 2213 Bergkius
1636 2170 1777 2202 temere
1814 2164 1936 2203 addu-

142 2227 287 2268 bitavit.

276 2297 363 2336 Sex.
386 2298 594 2351 Pompeius
628 2312 741 2337 naves
773 2298 902 2337 amisit
923 2299 967 2337 ad
991 2299 1107 2350 Mylas
1131 2312 1200 2337 xxx
1223 2299 1400 2351 (Appian.
1425 2301 1461 2347 5,
1490 2300 1595 2349 108),
1628 2301 1673 2339 ad
1696 2300 1935 2340 Naulochum

146 2377 234 2404 cum
269 2363 449 2406 trecentis
490 2367 737 2418 pugnavisset
777 2367 953 2419 (Appian.
976 2368 999 2405 1.
1023 2381 1053 2406 c.
1077 2382 1107 2406 c.
1139 2368 1243 2418 tls),
1285 2369 1543 2419 septendecim
1583 2370 1751 2422 exceptis
1789 2382 1935 2415 omnes,

144 2445 188 2471 ex
231 2434 370 2485 quibus
402 2449 516 2474 xxvm
550 2449 695 2475 mersae
734 2443 837 2483 sunt,
879 2436 1047 2487 reliquae
1087 2444 1153 2475 aut
1192 2444 1381 2476 crematae
1421 2445 1486 2477 aut
1524 2445 1673 2490 captae3
1712 2438 1759 2476 M.
1782 2437 1938 2477 Antonii

141 2501 187 2540 ad
217 2502 369 2541 Actium
402 2511 531 2555 captas
563 2518 646 2543 esse
685 2518 800 2543 naves
841 2518 904 2543 ccc
944 2511 1078 2543 auctor
1124 2512 1181 2544 est
1226 2506 1306 2557 ipse
1347 2507 1546 2556 Augustus
1588 2507 1705 2557 (apud
1742 2506 1936 2546 Plutarch.

141 2569 279 2608 Anton.
304 2570 387 2619 68).
447 2571 602 2610 Praeter
632 2585 729 2623 quae
760 2574 902 2624 proelia
925 2587 1012 2612 cum
1037 2586 1182 2625 pugnas
1206 2575 1356 2613 navales
1381 2576 1506 2626 magni
1531 2575 1717 2614 momenti
1738 2576 1937 2626 Augustus

141 2637 380 2677 commiserit
419 2639 554 2686 nullas,
598 2641 692 2679 ratio
730 2642 920 2688 convenit,
961 2642 1150 2692 siquidem
1190 2643 1324 2682 scribit
1365 2644 1403 2682 in
1442 2644 1668 2682 universum
1714 2643 1860 2695 cepisse
1897 2656 1938 2681 se

141 2718 256 2745 naves
290 2706 465 2746 triremes
497 2709 555 2747 vel
586 2709 810 2749 triremibus
843 2710 1006 2749 maiores
1039 2711 1290 2761 sescentasl).

272 2880 298 2921 ¹)
323 2879 558 2921 Fragmentum
596 2882 769 2914 inventum
807 2883 946 2915 Athenis
982 2884 1015 2915 C.
1034 2883 1056 2915 Ι.
1078 2884 1113 2915 L.
1133 2883 1192 2924 111,
1229 2885 1327 2925 6101,
1365 2886 1448 2927 quod
1487 2886 1641 2917 dubitans
1685 2885 1724 2916 ad
1756 2885 1936 2927 Agrippam

140 2938 312 2978 revocavi,
337 2938 530 2970 adscribere
556 2939 665 2970 visum
691 2944 753 2978 est,
779 2951 969 2982 quamquam
991 2942 1048 2972 vix
1078 2942 1154 2973 inde
1184 2942 1389 2984 proficimus:
1418 2943 1514 2985 [quod
1539 2967 1571 2975 ..
1592 2968 1598 2974 .
1618 2967 1625 2973 .
1652 2943 1764 2982 naveh
1789 2944 1938 2974 hostium

139 2992 354 3036 depresse[rit
385 2994 432 3026 rel
462 2996 465 3036 Ι
499 2996 632 3038 ceperit]
746 3002 869 3037 CXIIX,
902 2997 979 3030 bello
1011 3000 1220 3039 mardubrio]
1249 3023 1359 3030 .....
1385 3000 1389 3040 l
1413 3024 1419 3031 .
1440 3024 1473 3031 ..
1501 3000 1654 3040 [ulthlma
1685 2999 1731 3031 ad
1759 3001 1938 3041 imperium

140 3049 318 3092 a[dz'eeerz't]
338 3077 343 3083 .
361 3075 367 3082 .
392 3051 396 3090 Ι
420 3077 425 3084 .
442 3077 447 3083 .
466 3077 472 3084 .
489 3078 492 3083 .
515 3052 693 3084 secundum
708 3055 870 3096 pont[em]
892 3080 897 3086 .
914 3080 920 3087 .
937 3081 943 3087 .
960 3080 966 3086 .
990 3056 994 3098 1
1016 3080 1023 3087 .
1041 3080 1048 3087 .
1066 3081 1072 3088 .
1089 3081 1095 3088 .
1116 3057 1216 3097 [fidei
1232 3059 1279 3088 ρει
1298 3056 1344 3088 ad
1358 3057 1508 3099 [lunden]
1532 3081 1538 3088 .
1555 3081 1560 3087 .
1578 3082 1583 3088 .
1601 3080 1606 3087 .
1630 3056 1633 3097 Ι
1656 3081 1662 3088 .
1679 3081 1685 3087 .
1700 3080 1705 3087 .
1723 3081 1730 3088 .
1755 3058 1858 3089 may-it
