2227 3452
833 161 876 206 V,
902 163 1042 198 36—38
1750 168 1831 208 123

48 282 323 324 commentario
353 283 526 334 adlegato
556 282 681 334 posui,
712 282 775 321 hio
795 294 864 333 per
884 281 1050 320 indicem
1072 281 1233 332 repetivi
1253 280 1409 320 insertis
1431 282 1477 320 iis
1499 296 1652 334 quoque
1674 285 1833 323 coloniis

48 357 248 405 quattuor,
293 363 458 402 quarum
504 363 739 402 quamquam
775 356 958 389 neutrum
997 362 1140 389 nomen
1182 349 1364 396 traditur,
1410 351 1562 390 aliunde
1600 359 1751 392 constat
1787 353 1834 392 ab

47 421 218 472 Augusto
249 419 431 459 deductas
462 432 564 459 esse:

530 489 564 526 1.
610 485 840 533 Ariminum,
871 486 1055 537 Augusta.

611 555 754 594 Ateste.

611 624 782 674 Augusta
812 623 1019 662 Praetoria.

611 692 706 730 Iulia
736 692 906 742 Augusta
936 691 1208 730 Taurinorum.

611 760 887 808 Beneventum,
920 760 1013 800 Iulia
1042 761 1226 810 Augusta.

612 828 797 867 Bononia.

614 897 752 944 Brixia,
784 897 970 948 Augusta.

611 965 749 1017 Capua,
780 966 875 1004 Iulia
905 966 1087 1016 Augusta.

614 1033 791 1072 Castrum
821 1047 963 1072 novum
997 1033 1185 1080 Etruriae,
1216 1033 1320 1071 lulia.

503 1102 566 1140 10.
613 1102 838 1149 Concordia,
870 1103 976 1141 Iulia.

506 1170 568 1207 11.
616 1171 758 1209 Cumae
790 1168 858 1221 (?),
891 1171 996 1209 lulla.

505 1237 567 1275 12.
614 1238 792 1285 Dertona,
824 1239 929 1277 Iulia.

505 1305 568 1344 13.
614 1306 761 1345 Fanum
794 1307 997 1353 Fortunae,
1028 1307 1134 1345 Iulia.

505 1375 567 1412 14.
613 1374 772 1414 Falerio.

509 1444 568 1481 15.
616 1443 842 1494 Hispellum,
876 1444 980 1481 Iulia.

528 555 567 935 >manee-³³0

527 964 567 1071 &²³90

505 1513 566 1550 16.
615 1512 741 1550 Lucus
771 1512 968 1558 Feroniae,
1001 1512 1106 1550 lulia.

507 1582 571 1619 17.
618 1581 848 1620 Minturnae.

507 1649 569 1689 18.
615 1650 721 1697 Nola,
753 1651 936 1701 Augusta.

507 1719 568 1758 19.
615 1719 851 1765 Parentium,
884 1719 989 1757 Iulia.

506 1787 570 1825 20.
619 1787 768 1834 Parma,
800 1788 894 1826 Iulia
926 1789 1107 1838 Augusta.

506 1855 570 1893 21.
618 1855 739 1903 Pisae,
774 1856 877 1895 Iulia.

506 1923 571 1962 22.
618 1924 836 1970 Pisaurum,
867 1924 972 1963 Iulia.

504 1992 569 2031 23.
616 1992 719 2038 Pola,
752 1992 856 2031 Iulia.

506 2060 570 2099 24.
620 2061 739 2099 Saena
771 2059 840 2112 (Ῠ),
875 2061 978 2099 Iulia.

506 2128 570 2167 25.
619 2130 722 2176 Sora,
754 2129 860 2171 Iulia.

506 2197 570 2236 20.
619 2198 771 2243 Suessa,
803 2198 910 2236 Iulia.

504 2265 569 2304 27.
615 2266 801 2313 Sutrium,
833 2266 936 2305 Iulia.

507 2334 571 2373 28.
619 2335 758 2381 Tuder,
791 2335 897 2373 Iulia.

506 2402 571 2441 29.
618 2403 839 2449 Venafrum,
873 2403 963 2441 lulia
996 2403 1166 2453 Augusta

0 2464 2 2526 i
54 2468 101 2507 ad
130 2481 224 2520 quas
254 2476 412 2522 propter
442 2471 633 2523 Illyricum
667 2478 743 2510 tres
777 2471 979 2509 minimum
1014 2471 1207 2509 addendae
1238 2476 1347 2509 sunt:

507 2539 571 2579 30.
618 2540 777 2587 Emona,
810 2540 915 2578 Iulia.

506 2609 570 2646 31.
616 2608 736 2647 Iader.

507 2675 571 2714 32.
619 2676 792 2722 Salonae,
824 2675 930 2714 Iulia.

185 2742 494 2782 Consentaneum
526 2749 584 2782 est
614 2744 686 2782 hoc
717 2743 841 2781 indice
872 2743 1155 2794 duodetriginta
1187 2743 1354 2782 colonias
1376 2743 1422 2781 ab
1439 2744 1611 2793 Augusto
1632 2741 1843 2780 i11tellectas

56 2819 188 2849 omnes
228 2816 294 2849 aut
334 2813 411 2849 fere
451 2824 585 2850 omnes
626 2811 918 2863 comprehendi.
961 2812 1026 2850 sed
1064 2812 1155 2850 item
1188 2812 1333 2862 aliquot
1363 2812 1534 2850 civitates
1564 2810 1603 2848 iu
1636 2823 1679 2848 eo
1710 2809 1843 2848 referri

56 2888 101 2915 ex
137 2877 201 2917 illo
238 2891 402 2918 numero
441 2880 675 2918 eximendas.
734 2880 809 2918 Eae
847 2892 1032 2931 quaenam
1073 2879 1150 2918 sint
1180 2879 1354 2930 quaestio
1385 2891 1509 2929 neque
1540 2878 1652 2917 huius
1682 2877 1755 2916 loci
1786 2883 1844 2915 est

55 2956 126 2984 nec
161 2952 202 2985 ut
241 2959 323 2985 mea
354 2949 428 2986 fert
458 2947 588 2998 opinio
619 2953 721 2986 recte
752 2947 846 2986 solvi
876 2954 1024 2999 potest;
1063 2960 1181 2999 quare
1212 2947 1331 2998 magIS
1362 2948 1484 2999 placet
1514 2959 1596 2985 rem
1627 2946 1666 2984 in
1696 2945 1843 2985 incerto

56 3013 270 3066 relinquere
299 3028 413 3066 quam
446 3015 657 3067 speciosam
690 3016 931 3055 concordiam
965 3016 1202 3067 argumentis
1233 3028 1370 3067 parum
1405 3015 1536 3054 solidis
1568 3014 1728 3053 efficere.
