2430 3394
439 157 518 198 168
1084 149 1124 184 P.
1144 146 1352 184 vaPmn
1376 145 1568 187 QVRINH

435 273 664 325 legationem
698 270 908 323 Syriacam,
946 270 996 309 ita
1028 269 1066 307 in
1098 280 1184 307 eum
1218 265 1433 312 convenire,
1471 270 1513 303 ut
1543 263 1740 303 attributio
1773 263 2104 304 Sanclementiana
2136 277 2212 303 non

436 342 562 382 solum
592 339 800 392 probabilis
832 338 1005 377 habenda
1038 337 1097 383 sit,
1131 336 1195 375 sed
1228 335 1338 386 plane
1368 333 1539 385 probata.

567 409 619 448 De
641 408 680 447 C.
705 407 836 446 Sentio
861 405 1067 445 Saturnino
1099 416 1218 455 pauca
1250 407 1400 441 tantum
1433 400 1617 446 dicemus,
1651 400 1714 438 sed
1737 413 1834 450 quae
1855 400 2059 439 sufficiant.
2111 401 2213 440 Con-

436 484 511 519 stat
539 490 627 519 eum
661 489 813 528 quoque
844 475 1034 526 accepisse
1067 477 1291 511 ornamenta
1329 469 1575 521 triumphalia
1607 468 1691 516 (Dio
1724 470 1788 515 55,
1812 468 1894 519 28),
1928 475 1970 507 ut
1990 475 2216 521 acceperunt

435 561 478 588 ea
514 547 728 598 imperante
774 544 945 594 Augusto
992 543 1106 581 duces
1152 540 1345 590 aliquanto
1389 539 1518 589 plures
1558 550 1673 588 quam
1719 537 1785 588 qui
1831 539 1952 576 iustos
1999 537 2215 589 triumphos

439 616 562 668 egisse
603 614 784 654 dicuntur
821 615 936 663 super
975 608 1182 661 triginta¹).
1242 607 1401 657 Reliqua
1432 612 1559 645 autem
1598 605 1737 644 indicia
1777 606 1845 644 tria
1876 618 1953 644 non
1985 606 2217 644 conveniunt

434 685 473 724 in
507 682 773 724 Saturninum.
836 680 1008 718 Primum
1041 676 1182 729 duplici
1214 675 1345 727 Syriae
1375 675 1553 726 legationi
1591 687 1638 713 ne
1669 675 1797 713 locum
1828 674 1983 724 quidem
2015 673 2216 725 Zumptius

435 752 604 792 invenire
635 749 760 802 potuit
792 748 865 786 nisi
895 747 958 793 ita,
993 752 1033 785 ut
1056 745 1184 797 Syriae
1215 744 1384 795 primum
1417 743 1624 794 praefuerit
1644 755 1712 794 per
1732 755 1854 781 annos
1878 742 2108 790 729—731,
2140 756 2217 793 quo

437 828 608 872 tempore
647 817 877 858 Saturninus
909 814 1124 867 praetorius
1155 814 1228 852 fuit
1258 825 1327 850 1166
1363 824 1479 863 capax
1509 811 1725 862 provinciae
1766 811 1940 849 omnium
1979 811 2218 850 confessione

435 887 656 929 consularis.
677 909 731 914 -—-
753 884 895 924 Deinde
926 882 1100 935 quamvis
1130 882 1339 933 ignoretur,
1372 893 1447 931 quo
1469 892 1569 918 anno
1592 879 1823 918 Saturninus
1846 879 1946 918 diem
1969 879 2116 926 obierit,
2149 891 2219 918 nec

436 963 674 997 memoratur
694 960 782 1006 post
802 966 834 992 a.
858 953 937 991 759
960 951 1068 1002 (Vell.
1092 950 1128 996 2,
1154 951 1244 989 109.
1270 950 1363 999 110)
1392 955 1429 987 et
1455 954 1543 987 ante
1563 948 1779 999 Augustum
1803 960 1891 986 eum
1915 953 2113 986 mortuum
2135 960 2219 986 esse

435 1030 585 1064 constat
615 1036 660 1062 ex
692 1021 843 1061 silentio
872 1020 1003 1067 Taciti,
1035 1020 1144 1058 6111115
1174 1019 1327 1057 annales
1358 1017 1405 1056 ab
1435 1030 1593 1056 excessu
1625 1016 1698 1054 divi
1720 1015 1881 1066 Augusti
1902 1016 1947 1055 ad
1969 1028 2000 1054 a.
2024 1028 2060 1054 11.
2084 1028 2115 1054 6.
2139 1015 2218 1055 782

434 1092 572 1144 integri
604 1096 814 1143 supersunt
840 1102 909 1128 nec
931 1088 1144 1127 secundum
1165 1087 1387 1126 institutum
1410 1085 1576 1126 auctoris
1598 1085 1643 1123 de
1665 1084 1755 1123 clari
1776 1084 1846 1122 viri
1868 1084 1975 1122 obitu
1997 1084 2218 1131 tacuissent,

437 1162 468 1201 si
498 1163 537 1200 in
568 1160 651 1199 illos
683 1172 804 1198 annos
835 1157 1045 1196 incidisset.
1078 1180 1129 1184 ψ
1161 1154 1484 1195 Proconsulatum
1516 1153 1680 1204 denique
1710 1153 1820 1191 Asiae
1857 1152 2034 1199 excludit,
2067 1152 2111 1191 de
2142 1166 2219 1204 quo

436 1230 580 1282 optime
603 1227 754 1267 monuit
769 1226 1001 1278 Borghesius
1024 1226 1128 1277 (opp.
1148 1224 1171 1264 8
1194 1238 1229 1276 p.
1249 1224 1348 1271 4953
1380 1223 1533 1261 Ilenzen
1555 1222 1635 1273 syll.
1653 1235 1688 1273 p.
1708 1222 1817 1273 496),
1850 1221 2121 1268 Tertullianus,
2154 1223 2220 1273 qui

436 1299 500 1337 ubi
528 1295 766 1347 Carthaginis
797 1294 966 1334 coloniae
996 1294 1097 1332 vices
1128 1293 1294 1332 breviter
1325 1291 1617 1342 comprehendit
1649 1290 1710 1336 (de
1741 1290 1853 1341 pallio
1885 1302 1916 1328 c.
1944 1291 1980 1338 1)
2004 1290 2059 1328 516
2088 1290 2222 1330 scribit

431 1375 520 1419 post
552 1367 679 1419 lonyas
714 1365 885 1404 Caesaris
923 1376 1047 1402 moras
1084 1365 1231 1402 moenia
1264 1360 1485 1410 Carthagini
1512 1359 1703 1398 Statilium
1736 1358 1901 1398 Taurum
1933 1358 2220 1409 (proconsulem

435 1436 583 1475 Africae
615 1432 853 1483 7182720)
884 1434 1110 1483 imposuisse,
1142 1431 1337 1471 sollemnia
1367 1431 1601 1468 enarravisse
1631 1428 1799 1467 Sentium
1829 1427 2090 1466 Saturninum.
2140 1427 2219 1465 Iam

436 1517 524 1543 cum
555 1505 594 1543 in
626 1502 733 1542 fastis
771 1500 907 1540 aetatis
938 1500 1130 1551 Augustae
1164 1506 1240 1539 tres
1271 1498 1516 1536 inveniantur
1548 1496 1669 1536 Sentii
1700 1495 1919 1541 Saturnini,
1953 1495 2097 1534 scilicet
2127 1507 2221 1534 con-

436 1573 496 1612 sul
526 1586 557 1611 a.
582 1571 660 1610 735
692 1571 724 1610 15
764 1571 829 1621 qui
866 1576 997 1620 postea
1030 1569 1157 1620 Syriae
1199 1566 1364 1620 praefuit
1394 1565 1538 1616 filiique
1570 1565 1650 1603 eius
1682 1565 1757 1603 duo
1788 1564 1966 1603 consules
1997 1570 2156 1614 uterque
2187 1576 2219 1602 a.

437 1641 538 1687 757,
571 1639 729 1679 omnino
760 1644 868 1689 pater
908 1638 980 1676 hoc
1010 1637 1092 1675 loco
1124 1635 1403 1685 intellegendus
1435 1640 1504 1681 est,
1538 1646 1585 1672 116
1616 1634 1749 1684 longae
1780 1645 1910 1671 morae
1941 1632 2082 1670 nimiae
2113 1632 2217 1671 fiant,

436 1710 567 1760 Itaque
603 1708 635 1747 is
676 1708 787 1746 cuius
824 1712 883 1745 est
920 1705 1084 1756 elogium
1126 1704 1396 1751 Tiburtinum,
1436 1703 1610 1754 quisquis
1648 1703 1737 1747 fuit,
1775 1714 1852 1740 non
1890 1700 1963 1739 fuit
1994 1700 2032 1739 C.
2065 1700 2221 1740 Sentius

437 1776 683 1817 Saturninus.

600 1844 802 1883 Videamus
834 1843 879 1881 de
911 1842 952 1880 P.
978 1842 1146 1893 Sulpicio
1178 1839 1367 1887 Quirinio.

411 1968 413 1970 Ι
567 1914 594 1951 Ι.
642 1911 795 1951 Tacitus
833 1912 879 1950 ad
910 1924 942 1949 a.
966 1923 1002 1949 u.
1026 1923 1056 1949 6.
1081 1910 1160 1948 774
1191 1909 1256 1947 ubi
1296 1909 1341 1947 de
1378 1908 1486 1947 obitu
1517 1906 1681 1954 Quirinii
1718 1908 1833 1945 refert
1863 1905 1918 1944 sic
1949 1906 2082 1945 scribit
2113 1906 2220 1956 (ann.

437 1981 473 2029 3,
497 1981 584 2033 48):
617 1980 709 2019 nihil
738 1980 786 2019 acl
818 1987 974 2018 veterem
1005 1985 1037 2017 ec
1061 1980 1262 2029 patriciam
1292 1976 1544 2028 Sulpiciorum
1574 1975 1763 2027 familiam
1798 1974 2000 2021 Quirinius
2027 1977 2218 2026 pertinuit,

438 2057 541 2089 ortus
578 2050 679 2100 apud
718 2050 959 2098 mimicipi'um
995 2045 1225 2093 Laniwium,
1265 2046 1328 2085 sed
1365 2048 1521 2096 impiyer
1561 2045 1716 2083 militiae
1753 2051 1787 2082 et
1825 2044 1972 2082 acribus
2011 2046 2223 2082 nu'nisceriis

437 2117 671 2158 consulatum
700 2117 767 2156 sub
810 2118 892 2156 (lieo
922 2118 1084 2167 Augusto
1119 2116 1171 2163 (u.
1193 2127 1224 2153 6.
1250 2114 1366 2164 742),
1405 2126 1495 2152 moa:
1533 2113 1756 2163 eoepuynatis
1781 2123 1852 2162 per
1885 2110 2051 2150 Ciliciam
2083 2111 2223 2151 Homo-

438 2186 657 2225 nadensium
690 2185 849 2224 castellis
879 2187 1037 2236 insignia
1067 2184 1249 2234 triumphi
1276 2184 1440 2233 adeptus,
1474 2182 1651 2232 (lacusque
1682 2187 1804 2219 rector
1838 2179 1876 2218 C.
1913 2179 2066 2219 Caesari
2086 2180 2221 2219 Arme-

437 2257 540 2293 niam
570 2254 748 2292 obtinenti
766 2254 820 2304 (u.
844 2266 874 2292 6.
899 2252 1008 2303 756).
1060 2251 1193 2290 Strabo
1218 2250 1280 2297 12,
1304 2251 1340 2297 6,
1364 2251 1386 2289 5
1409 2264 1445 2302 p.
1470 2249 1567 2288 569:
1601 2246 1621 2288 ὁ
1647 2246 1857 2301 Ἀμύντας
1888 2247 1948 2294 εἷς
1980 2246 2076 2294 τοὺς
2095 2244 2224 2299 Ὁμο-

438 2321 594 2368 ναδέας
624 2320 880 2373 παρελθών,
913 2323 958 2360 οἲ
985 2317 1234 2372 ἐνομίζοντο
1266 2316 1576 2371 ἀληπτόῐοιῐοι,
1620 2316 1691 2355 καὶ
1723 2314 1936 2362 καῑαστάς
1966 2313 2046 2368 ἤδη
2079 2313 2224 2369 κύριος

438 2391 522 2431 τῶν
552 2388 769 2430 πλείστων
798 2390 985 2441 χωρίων,
1020 2384 1182 2427 ἀνελών
1210 2387 1281 2426 καὶ
1305 2386 1378 2426 τὸν
1400 2383 1606 2437 τύραννον
1627 2382 1770 2424 αὐτῶν
1791 2382 1837 2430 ἐξ
1858 2381 2026 2438 ἆπαῑῆς
2047 2378 2223 2439 ἐλήφθη

440 2458 516 2499 διὰ
544 2459 616 2512 τῆς
649 2456 720 2497 τοῦ
752 2455 958 2510 τυράννου
990 2453 1212 2506 γυναικός·
1244 2454 1316 2494 καὶ
1348 2454 1499 2494 τοῦτον
1520 2452 1599 2506 μὲν
1620 2452 1779 2493 ἐκεῖνοι
1802 2451 2084 2506 διέφθειραν,
2118 2451 2225 2492 ἐκεί-

440 2541 538 2574 νους
569 2525 615 2566 δὲ
636 2528 846 2580 Κυρίνιος
877 2519 1147 2577 ἐξεπόρθησε
1178 2523 1291 2577 λιμῷ
1322 2523 1391 2562 καὶ
1425 2520 1794 2574 τετρακισχιλίους
1824 2519 1984 2574 ἄνδρας
2015 2519 2228 2574 ἐζώγρησε

441 2595 513 2635 καὶ
556 2592 791 2648 συνῴκισεν
831 2594 893 2641 εἷς
938 2596 1011 2640 τὰς
1049 2591 1171 2642 ἐγγὺς
1214 2587 1390 2639 πόλεις,
1430 2590 1505 2644 τὴν
1546 2589 1591 2629 δὲ
1632 2588 1774 2642 χώραν
1815 2586 2032 2629 ἀπέλιπεν
2071 2588 2226 2642 ἔρημον

440 2665 524 2705 τῶν
554 2663 600 2704 ἓν
630 2661 755 2719 ἀκμῇ.
815 2663 1000 2715 Amyntas
1030 2675 1096 2701 rex
1128 2675 1260 2701 caesus
1292 2667 1351 2700 est
1380 2674 1412 2699 a.
1437 2673 1473 2699 u.
1495 2673 1526 2699 6.
1551 2659 1642 2698 729.
1684 2658 1741 2697 Ad
1771 2659 1839 2698 has
1860 2658 2099 2698 narrationes
2121 2663 2223 2698 recte

441 2733 634 2785 aptabitur
663 2732 896 2784 principium
931 2731 1030 2770 tituli
1061 2730 1254 2770 Tiburtini
1285 2729 1338 2768 sic
1369 2732 1447 2767 fere
1478 2728 1731 2780 explendum:

574 2895 600 2937 ¹)
627 2895 826 2937 Quamquam
852 2904 1021 2925 numerum
1045 2893 1149 2933 huuc,
1176 2902 1267 2934 quem
1293 2892 1405 2934 posuit
1429 2891 1608 2923 Suetonius
1636 2890 1720 2930 Aug.
1740 2889 1801 2929 38,
1828 2888 1963 2920 nimium
1990 2897 2063 2920 esse
2091 2887 2225 2919 tabulae

443 2953 540 2984 huius
571 2953 731 2994 temporis
764 2952 980 2992 triumphales
1013 2952 1192 2982 ostendunt
1223 2950 1287 2981 iam
1321 2949 1489 2991 expletae:
1525 2958 1596 2979 nam
1628 2948 1668 2979 ab
1700 2958 1728 2979 a.
1749 2947 1809 2980 711
1839 2952 1875 2978 ut
1905 2946 2089 2988 triumphos
2116 2954 2226 2976 omnes

446 3019 597 3041 numeres
631 3014 763 3051 praeter
795 3009 900 3050 ipsius
933 3008 1077 3048 Augusti
1111 3007 1285 3039 ovationes
1317 3007 1397 3038 duas
1430 3006 1680 3047 triumphosque
1709 3010 1779 3037 tres
1805 3008 1839 3035 et
1862 3002 2002 3035 Antonii
2029 3001 2227 3040 ovationem,

449 3078 510 3098 non
537 3067 750 3109 reperiuntur
777 3067 841 3098 nisi
867 3066 929 3096 duo
956 3070 989 3096 et
1016 3065 1148 3105 viginti.
