2430 3394
472 138 552 179 138
1271 137 1333 179 VI,
1365 139 1451 172 1—3

468 256 567 304 729;
598 256 782 308 profectio
823 257 927 296 enim
958 257 1088 296 Parthi
1126 257 1164 295 111
1197 256 1417 308 Hispaniam
1455 269 1543 295 cum
1578 256 1636 294 vix
1672 256 1772 296 inter
1802 264 2020 297 commenta
2051 265 2252 298 auctorum

466 325 630 376 ablegari
661 331 787 376 queat,
820 326 976 378 proclivi
1008 339 1138 365 errore
1169 325 1237 364 Dio
1269 325 1315 364 ad
1346 325 1528 364 Tiridatis
1559 324 1598 363 in
1622 324 1729 376 Syria
1761 337 1908 371 moram
1941 327 2050 378 pueri
2082 327 2255 367 traditio-

465 406 553 433 nem
577 394 777 434 adnectere
799 394 934 446 potuit.
986 395 1156 446 Denique
1178 406 1275 444 quae
1296 399 1428 446 postea
1451 396 1546 432 sacta
1569 399 1672 440 sunt,
1704 393 1895 433 Iustinum
1918 401 2020 434 recte
2041 396 2256 435 narravisse

466 462 689 502 ostendunt.
748 462 843 501 Nam
877 476 909 502 a.
933 462 1009 501 731
1044 463 1226 501 Phraates
1263 463 1307 501 ad
1337 462 1535 501 Caesarem
1567 462 1710 512 legatos
1743 462 1857 509 misit,
1890 469 1933 502 ut
1962 476 2115 503 servum
2138 478 2253 504 suum

465 530 658 570 Tiridaten
701 532 900 582 liliumque
937 531 1010 570 sihi
1040 530 1279 577 restitueret,
1311 530 1500 569 Tiridates
1531 536 1659 569 autem
1692 530 1773 582 ipse
1804 530 1967 570 Romam
2001 533 2105 572 venit
2140 546 2255 573 orans

465 605 508 638 ut
537 612 697 650 regnum
725 600 957 639 Parthorum
991 599 1062 639 sub
1095 599 1293 638 maiestate
1323 599 1455 651 populi
1485 598 1648 638 Romani
1671 598 1742 637 sibi
1763 599 2074 650 permitteretur,
2105 601 2255 654 discep-

465 674 618 720 tataque
649 682 690 708 ea
722 681 763 708 re
794 669 832 707 in
862 675 998 707 senatu
1020 669 1159 708 Caesar
1188 668 1309 707 tilium
1342 667 1498 706 l'hraati
1529 667 1679 706 remisit
1709 680 1751 706 ea
1780 668 1873 719 lege,
1907 674 1948 708 ut
1978 669 2084 720 signa
2115 671 2256 710 amissa

464 737 535 776 sibi
567 738 800 785 restitueret,
833 737 1038 776 Tiridatem
1072 736 1231 776 retinuit
1263 736 1347 782 (Dio
1370 736 1433 783 53,
1467 736 1538 784 333
1578 735 1714 775 lustin.
1737 736 1760 774 l.
1783 736 1846 788 c.).
1898 736 1991 776 Eam
2023 737 2255 778 Parthorum

463 807 691 858 legationem
725 819 799 845 non
836 806 955 844 multo
987 811 1075 857 post
1104 805 1214 857 pueri
1245 803 1515 844 abductionem
1549 804 1705 844 missam
1737 818 1821 844 esse
1852 813 2154 846 consentaneum
2184 815 2255 848 est.

463 875 605 914 Deinde
637 881 767 914 secuta
798 881 857 913 est
887 888 918 913 a.
943 874 1023 913 734
1054 874 1216 925 Augusti
1248 874 1437 926 expeditio
1461 873 1613 925 Syriaca
1639 878 1771 926 (supra
1793 888 1830 926 p.
1857 875 1951 923 112)
1977 875 2256 928 signorumque

462 944 655 983 restitutio
695 957 715 982 a
748 943 900 983 Parthis
938 946 1036 983 facta
1078 945 1209 995 (supra
1240 956 1276 994 p.
1305 942 1422 994 124),
1464 943 1673 981 liberorum
1706 942 1806 994 regis
1837 943 2070 983 Parthorum
2102 945 2256 985 traditio

461 1027 492 1052 c..
516 1027 548 1052 a.
573 1013 651 1051 745
684 1013 796 1059 (intra
828 1026 864 1064 p.
890 1014 998 1061 141),
1031 1012 1242 1051 eorundem
1266 1012 1461 1051 restitutio
1488 1013 1670 1062 denegata
1693 1011 1892 1051 Phraataci
1914 1025 1946 1051 c.
1969 1026 2001 1052 a.
2026 1013 2105 1052 750
2129 1014 2168 1063 (l.
2191 1014 2254 1065 c.)‚

460 1081 640 1120 Armenia
686 1094 706 1120 a
742 1081 894 1120 Parthis
932 1081 1218 1133 quodaminodo
1255 1087 1437 1132 occupata
1477 1086 1513 1119 et
1550 1080 1740 1132 expeditio
1777 1086 1979 1132 propterea
2019 1088 2196 1134 suscepta
2235 1096 2256 1122 a

461 1150 501 1188 C.
524 1150 682 1189 Caesare
712 1164 744 1189 a.
769 1149 847 1189 753
880 1149 1012 1202 (supra
1044 1163 1079 1201 p.
1106 1150 1196 1196 113,
1229 1149 1326 1188 infra
1357 1162 1394 1201 p.
1421 1149 1529 1200 143),
1561 1149 1740 1188 Vonones
1771 1162 1838 1188 rex
1869 1150 2103 1190 Parthorum
2133 1151 2255 1191 Roma

461 1219 666 1258 arcessitus
697 1232 729 1258 0.
762 1233 793 1258 3.
818 1221 898 1259 759
932 1219 1045 1267 (infra
1077 1232 1112 1270 p.
1141 1218 1247 1267 143).

592 1288 643 1327 De
673 1301 762 1340 rege
792 1288 992 1327 Medorum
1025 1287 1232 1326 Artavasde
1263 1299 1379 1339 supra
1411 1286 1467 1338 egi
1500 1299 1537 1338 p.
1563 1287 1653 1325 110.

592 1358 868 1398 Adiabenorum
905 1359 1111 1397 Anamares
1141 1369 1246 1396 nunc
1278 1356 1434 1395 demum
1466 1355 1594 1408 prodit
1624 1354 1783 1408 expletis
1810 1356 1975 1395 Graecis.
2024 1357 2255 1397 Albanorum

463 1440 531 1478 ego
563 1427 822 1474 conieceram3
855 1427 1041 1477 Bergkius
1072 1426 1242 1478 primum
1276 1438 1410 1465 verum
1443 1425 1600 1472 invenit,
1634 1424 1771 1463 deinde
1793 1438 1838 1464 00
1861 1425 2000 1464 1010010
2023 1425 2257 1466 Moschorum

459 1496 573 1535 dedit.
616 1496 808 1535 vAdiabeni
839 1509 882 1535 eo
917 1502 1087 1547 tempore
1126 1508 1216 1534 suos
1248 1507 1357 1546 reges
1390 1494 1609 1533 habuerunt
1641 1494 1890 1545 (Plutarchus
1914 1494 2060 1533 Lucull.
2084 1494 2150 1534 26.
2182 1494 2256 1542 27;

460 1565 597 1605 Strabo
633 1565 694 1612 16,
730 1567 764 1612 1,
800 1565 848 1604 19
880 1579 916 1617 p.
940 1565 1040 1613 7453
1080 1564 1267 1615 Iosephus
1304 1569 1381 1602 ant.
1413 1562 1477 1611 20,
1523 1564 1557 1611 1,
1590 1562 1636 1610 23
1674 1562 1828 1602 Tacitus
1863 1575 1952 1602 ann.
1980 1562 2040 1610 12,
2076 1562 2124 1602 13
2147 1566 2256 1612 cet.);

459 1641 631 1673 ceterum
663 1647 724 1673 res
754 1640 793 1673 et
822 1634 939 1672 hoino
970 1633 1209 1684 ignorantur.

591 1703 863 1742 Britannorum
895 1715 973 1741 non
998 1708 1074 1741 tres
1101 1714 1209 1753 reges
1231 1701 1483 1740 nominantur
1504 1700 1669 1747 Dumno,
1693 1700 1910 1747 Bellaunus,
1933 1699 2018 1738 Tim
2038 1730 2242 1739 ........
2247 1732 2256 1748 ,

459 1772 524 1811 5011
571 1772 646 1810 duo
688 1771 1046 1810 Dumnobellaunus
1086 1776 1124 1809 et
1161 1770 1245 1809 Tim
1266 1800 1484 1808 ........
1545 1769 1638 1808 Nam
1679 1776 1766 1821 post
1804 1781 1979 1808 DVMNO
2019 1781 2255 1821 quamquam

458 1840 641 1879 Perrotus
672 1847 860 1892 punctum
884 1840 1024 1892 posuit,
1058 1851 1145 1878 vere
1167 1852 1246 1878 non
1277 1838 1583 1890 interpungiturx,
1617 1844 1813 1890 praeterea
1846 1838 1877 1876 si
1915 1844 1992 1877 tres
2023 1838 2095 1878 viri
2125 1838 2255 1877 nomi-
2287 1868 2290 1869 γ

458 1915 653 1955 narentur,
686 1909 819 1961 copula
850 1909 1067 1948 necessario
1097 1913 1186 1960 post
1215 1908 1364 1947 1111111110
1396 1907 1597 1946 inserenda
1629 1913 1743 1953 esset,
1781 1919 1896 1958 quam
1927 1919 2052 1958 neque
2074 1906 2253 1946 Latinum
2286 1920 2288 1922 ’

457 1978 677 2029 exemplum
708 1977 844 2029 recipit
874 1990 999 2028 neque
1031 1978 1231 2016 Graecum.
1264 2000 1315 2003 —-
1348 1977 1502 2016 Paravit
1531 1976 1728 2027 Augustus
1754 1975 2011 2015 Britannicam
2042 1975 2256 2027 expeditio-

457 2060 544 2085 nem
589 2046 645 2084 vel
682 2052 784 2085 certe
824 2046 1052 2085 credebatur
1092 2058 1225 2098 parare
1256 2058 1288 2084 a.
1313 2045 1406 2092 720,
1438 2045 1476 2084 in
1509 2045 1669 2084 Galliam
1701 2045 1784 2084 eius
1814 2045 1871 2084 rei
1901 2057 2014 2084 causa
2044 2046 2254 2096 profectus,

457 2116 522 2154 sed
562 2128 651 2154 mox
688 2127 865 2154 reversus
907 2121 1065 2167 propter
1100 2115 1247 2154 bellum
1285 2115 1536 2154 Dalmaticum
1571 2114 1656 2166 (Dio
1680 2115 1744 2162 49,
1777 2113 1859 2165 38).
1920 2113 2071 2153 Rursus
2109 2114 2256 2165 paravit

457 2198 525 2236 per
565 2198 596 2223 a.
627 2184 707 2223 727
749 2192 787 2224 et
827 2185 924 2232 728,
967 2185 1033 2224 sed
1072 2191 1154 2223 tum
1196 2197 1350 2235 quoque
1392 2183 1509 2222 Gallia
1549 2196 1625 2222 non
1667 2184 1830 2223 excessit
1867 2183 1954 2235 (Dio
1977 2182 2041 2230 53,
2073 2182 2139 2221 22.
2171 2183 2254 2234 25).

456 2254 589 2305 ltaque
626 2254 795 2293 carmina
838 2267 906 2306 per
942 2255 1012 2293 hos
1049 2265 1169 2292 annos
1207 2253 1348 2305 scripta
1384 2252 1495 2304 plena
1533 2258 1624 2291 sunt
1662 2252 1848 2304 triumphi
1878 2252 2000 2291 futuri
2032 2251 2253 2291 Britannici.

458 2323 521 2362 Sic
552 2323 591 2361 in
623 2323 807 2374 georgicis
839 2323 1023 2362 absolutis
1055 2335 1086 2361 a.
1118 2321 1199 2360 724
1233 2321 1419 2373 Vergilius
1451 2321 1600 2361 Caesari
1632 2321 1733 2360 inter
1763 2321 1834 2360 alia
1866 2327 1973 2373 optat
2003 2321 2058 2372 (1,
2081 2320 2173 2373 30),
2212 2326 2256 2360 ut

457 2390 490 2429 ei
527 2393 667 2430 serviat
704 2391 839 2430 ultima
870 2391 984 2431 Thule
1023 2397 1061 2430 et
1091 2390 1127 2438 3,
1160 2391 1212 2429 25
1245 2390 1284 2429 in
1317 2403 1451 2429 scaena
1483 2390 1521 2428 in
1554 2390 1740 2429 honorem
1775 2391 1858 2429 eius
1889 2389 2057 2442 paranda
2087 2395 2131 2429 ut
2154 2402 2254 2442 pnr-

451 2471 572 2511 11111οα
602 2462 739 2498 inteoetz'
765 2459 899 2499 tollant
929 2460 1064 2499 aulaea
1085 2460 1276 2507 Britanni,
1308 2459 1489 2498 Horatius
1521 2459 1653 2498 eodem
1688 2465 1862 2510 tempore
1894 2459 1950 2498 vel
1988 2458 2114 2510 paullo
2145 2464 2254 2498 antea

455 2529 495 2567 in
536 2528 684 2580 epodon
718 2529 761 2575 7,
802 2529 824 2566 7
854 2534 938 2567 vota
978 2530 1086 2575 fecit,
1128 2532 1288 2568 intactus
1318 2528 1528 2567 Britannus
1565 2535 1605 2567 ut
1646 2527 1878 2568 descenderet
1914 2540 2025 2568 sacra
2065 2534 2256 2567 catenatus

455 2600 538 2643 via,
577 2606 731 2636 carmm
769 2603 897 2636 autem
942 2598 982 2642 1,
1023 2597 1074 2636 35
1123 2598 1172 2637 ob
1216 2598 1339 2650 ipsam
1386 2598 1488 2636 illam
1536 2596 1819 2648 expeditionem
1866 2610 1898 2636 a.
1932 2595 2056 2640 7271ss
2104 2596 2254 2635 videtur

456 2666 722 2718 composuisse
771 2665 825 2704 sic
870 2665 923 2704 ibi
954 2666 1165 2706 Fortunam
1205 2667 1475 2718 interpellans:
1515 2678 1636 2705 serves
1675 2668 1817 2706 iturum
1857 2665 2054 2705 Caesarem
2089 2668 2129 2704 in
2162 2665 2254 2704 ulli-

455 2748 535 2774 mos
578 2735 678 2774 orbis
723 2734 940 2781 Britannos,
982 2735 1234 2786 eiusdemque
1279 2735 1466 2787 temporis
1510 2735 1550 2773 in
1589 2735 1758 2774 carmine
1797 2734 1869 2774 alio
1906 2734 1942 2781 3,
1976 2735 1999 2772 5
2044 2735 2138 2773 item
2182 2732 2252 2772 ait:

452 2817 630 2855 praesens
668 2803 773 2842 dions
809 2803 1006 2842 habebitur
1036 2805 1222 2855 Auynstns
1263 2804 1412 2843 adiectis
1443 2803 1639 2843 Britannis
1668 2805 1822 2854 imperio
1849 2802 2096 2855 yracibnsque
2134 2801 2254 2841 Persis

457 2875 519 2917 (el'.
552 2885 669 2911 carm.
706 2873 740 2919 1,
764 2871 829 2918 21,
855 2873 917 2910 15.
965 2872 1002 2919 3,
1026 2873 1062 2919 4,
1086 2871 1150 2910 33.
1197 2873 1234 2918 4,
1262 2873 1322 2919 14,
1347 2872 1428 2922 48).
1489 2872 1583 2911 Post
1613 2872 1650 2911 id
1683 2879 1836 2923 tempus
1867 2872 2065 2922 Augustus
2097 2882 2252 2910 omnem

457 2941 698 2979 Britannicae
729 2940 984 2991 expeditionis
1017 2941 1286 2991 cogitationem
1319 2941 1502 2980 abiecisse
1534 2941 1703 2987 videtur,
1736 2940 1803 2979 sed
1832 2939 2026 2991 principes
2064 2940 2252 2991 quosdam

456 3022 499 3047 ex
543 3009 667 3048 insula
709 3015 847 3061 sponte
885 3022 972 3048 eum
1016 3010 1154 3048 adiisse
1196 3010 1334 3048 Strabo
1376 3009 1563 3060 significat
1606 3009 1779 3048 scribens
1810 3008 1940 3060 paucis
1979 3014 2066 3059 post
2104 3007 2278 3061 obitum*
2322 3004 2325 3010 '

457 3078 537 3116 eius
572 3078 682 3117 annis
711 3079 748 3125 4,
779 3079 814 3124 5,
848 3077 871 3117 3
901 3091 937 3130 p.
960 3077 1061 3117 200:
1109 3078 1201 3117 νυνὶ
1249 3080 1397 3129 μέντοι
1434 3077 1516 3117 τῶν
1556 3076 1780 3117 δυναστῶν
1817 3090 1929 3122 τινες
1965 3076 2049 3115 τῶν
2090 3072 2252 3115 αὐτόθι
