2430 3394
429 163 511 203 166
1067 159 1107 193 Ρ.
1127 157 1335 194 SVLPICII
1360 157 1573 200 QVIRINII

425 279 654 330 requiritur,
694 284 737 317 ut
767 283 852 317 ante
886 278 1015 330 Syriae
1047 277 1418 316 administrationem
1452 279 1571 316 fasces
1603 278 1803 317 duodecim
1836 281 2004 330 gesserit,
2039 281 2075 319 id
2108 282 2210 333 quod

426 361 515 387 cum
538 360 615 386 non
646 347 780 385 fecisse
810 347 1013 385 verisimile
1043 352 1110 391 est,
1144 357 1230 383 cum
1255 345 1409 383 adeum
1440 358 1562 396 usque
1594 358 1737 385 annum
1770 348 1857 386 fasti
1882 350 1961 387 fere
1992 349 2094 401 pleni
2125 351 2212 389 sint.

560 416 596 453 3.
629 415 677 453 Μ.
700 415 860 454 Titius
894 415 994 453 inter
1025 416 1141 453 duces
1172 413 1394 452 nominatus
1425 414 1471 452 ab
1502 427 1534 452 a.
1557 414 1643 453 inde
1667 417 1746 454 714
1768 415 1853 466 (Dio
1877 416 1941 463 48,
1964 417 2046 469 30),
2079 419 2214 457 consul

429 498 462 523 a.
508 483 602 529 723,
652 483 797 534 legatus
845 483 973 534 Syriae
1020 483 1117 520 circa
1164 488 1329 533 tempus,
1374 495 1451 533 quo
1497 482 1666 522 Herodes
1714 485 1867 523 tertium
1914 487 2109 536 profectus
2154 493 2213 526 est

426 553 588 591 Romam
638 552 738 590 inter
782 564 813 590 a.
848 551 945 597 742,
993 564 1068 601 quo
1116 550 1327 589 secundum
1383 563 1426 588 eo
1473 550 1558 598 ivit,
1614 558 1651 590 et
1695 565 1726 591 a.
1760 553 1858 598 750,
1911 566 1986 604 quo
2040 555 2213 601 decessit,

428 622 460 660 is
493 626 562 667 est,
609 620 669 659 cui
701 620 882 658 Phraates
914 619 1054 657 liberos
1101 619 1255 657 tradidit
1285 619 1446 657 Romam
1494 619 1539 657 ad
1570 620 1786 671 Augustum
1835 621 2044 660 mittendos
2089 623 2215 674 paullo

431 695 520 741 post
549 702 580 727 a.
613 702 650 727 u.
683 701 713 727 c.
748 688 826 726 745
860 687 1023 738 (loseph.
1058 687 1120 732 16,
1153 688 1189 735 8,
1222 688 1267 735 6;
1315 688 1439 727 Strab.
1483 688 1545 735 16,
1582 690 1615 732 1,
1648 689 1699 728 28
1732 702 1767 741 p.
1792 690 1902 740 748).
1966 689 2048 729 Dixi
2086 691 2131 730 de
2172 704 2215 731 60

427 771 543 810 supra
574 770 610 809 p.
638 757 727 794 141.

559 827 595 863 4.
629 824 668 863 C.
703 824 907 863 Sentius
940 823 1232 863 Saturninus
1263 825 1397 863 consul
1428 838 1459 864 a.
1479 838 1515 864 11.
1534 838 1565 865 6.
1584 825 1675 872 735,
1708 825 1855 876 legatus
1879 826 2007 878 Syriae
2029 840 2060 865 c.
2083 840 2116 866 a.
2136 828 2216 867 746

434 894 600 945 (loseph.
633 898 709 932 ant.
736 893 798 937 16,
823 892 859 938 9,
885 893 919 930 1.
970 893 1089 939 6.1Ο,
1120 892 1155 931 8.
1207 905 1239 931 6.
1275 894 1337 939 11,
1371 893 1408 932 3.
1463 895 1524 941 17,
1560 895 1594 941 1,
1630 895 1664 932 1.
1715 907 1746 932 c.
1777 895 1874 941 2,1.
1925 908 1957 933 6.
1980 895 2017 943 3,
2041 895 2085 944 2;
2131 896 2216 935 hell.

430 964 511 1001 Iud.
547 964 579 1008 1,
613 962 678 1008 27,
713 960 830 999 1-3,
882 961 1140 1000 Tertullianus
1171 961 1252 1000 adv.
1277 962 1507 1002 Marcionem
1540 964 1577 1010 4,
1613 963 1692 1014 19).

561 1031 597 1068 5.
629 1030 671 1069 Ρ.
695 1029 994 1077 Quinctilius
1027 1029 1176 1068 Varus
1207 1043 1284 1069 cos.
1307 1044 1339 1070 a.
1366 1045 1401 1070 u.
1424 1044 1456 1071 6.
1480 1033 1572 1077 741,
1604 1031 1750 1081 legatus
1778 1031 1906 1083 Syriae
1937 1044 1969 1070 a.
1993 1031 2215 1072 748—750

428 1099 590 1138 testibus
635 1112 722 1137 cum
779 1098 950 1137 nummis
996 1098 1323 1138 Antiochenorum
1380 1106 1491 1139 notas
1544 1100 1775 1139 habentibus
1830 1100 1994 1152 epochae
2046 1101 2219 1141 Actiacae

428 1182 640 1208 Εκ·ςκ-Ζκ
673 1168 832 1219 (Eckhel
865 1167 900 1213 3,
933 1167 1038 1215 275;
1070 1168 1253 1219 Borghesi
1286 1181 1372 1220 opp.
1399 1170 1433 1215 1,
1466 1168 1567 1216 31ος
1599 1168 1857 1220 Waddington
1887 1170 1969 1208 mel.
1992 1169 2034 1208 cle
2063 1182 2168 1209 num.
2193 1170 2218 1208 2

427 1252 463 1290 p.
491 1238 586 1289 153)
610 1243 690 1276 tum
723 1237 886 1288 Iosepho
908 1236 1002 1287 (ant.
1028 1238 1090 1283 17,
1115 1238 1150 1284 5,
1174 1237 1197 1275 2
1220 1250 1297 1288 sq.;
1329 1237 1413 1276 bell.
1437 1237 1518 1276 Iud.
1545 1239 1579 1283 1,
1601 1237 1667 1284 21,
1692 1238 1714 1276 5
1739 1240 1824 1288 sq).
1885 1237 2072 1277 Maturius
2104 1238 2216 1278 solito

426 1306 471 1345 ad
502 1306 731 1357 legationem
766 1305 895 1357 Syriae
928 1305 1113 1356 pervenit,
1151 1305 1342 1356 gratiosus
1382 1313 1539 1357 propter
1569 1306 1794 1345 affinitatem
1828 1318 1924 1357 quae
1955 1305 1989 1344 ei
2019 1312 2100 1345 erat
2130 1319 2217 1346 cum

427 1375 541 1414 domo
572 1373 818 1426 imperatoria
851 1373 956 1425 (Tac.
979 1386 1067 1412 ann.
1092 1375 1127 1421 4,
1153 1374 1216 1413 52.
1240 1375 1305 1413 66.
1358 1374 1540 1425 Borghesi
1572 1388 1657 1426 opp.
1694 1376 1728 1421 1,
1762 1374 1855 1413 311.
1887 1375 1998 1421 417).

559 1444 595 1482 6.
628 1443 669 1481 L.
689 1443 767 1481 Vol
782 1442 916 1481 usius
947 1443 1243 1482 Saturninus
1277 1456 1353 1482 cos.
1372 1456 1403 1482 a.
1423 1456 1459 1482 u.
1478 1456 1509 1482 6.
1529 1443 1621 1490 742,
1653 1443 1800 1494 legatus
1824 1443 1954 1495 Syriae
1976 1455 2008 1481 a.
2027 1443 2119 1481 757.
2138 1442 2217 1482 758

427 1512 585 1563 (Eckhel
618 1511 654 1557 3,
687 1510 798 1561 275).

561 1580 596 1618 7.
648 1579 689 1617 Ρ.
723 1578 970 1630 Sulpicius
1017 1580 1286 1626 Quirinius
1317 1593 1393 1619 cos.
1417 1593 1449 1619 a.
1473 1593 1509 1618 11.
1533 1592 1564 1619 c.
1589 1579 1692 1627 742,
1735 1580 1881 1631 legatus
1915 1579 2045 1631 Syriae
2077 1593 2109 1619 a.
2134 1580 2214 1619 759

427 1648 594 1699 (Ioseph.
629 1648 691 1693 17,
727 1648 788 1693 13,
822 1649 857 1686 5.
913 1647 974 1693 18,
1010 1649 1043 1693 1,
1080 1650 1112 1686 1.
1165 1661 1195 1687 c.
1229 1649 1265 1695 2,
1302 1649 1353 1699 1).
1414 1649 1568 1687 Accedit
1607 1648 1740 1687 titulus
1772 1648 1938 1687 Venetus
1984 1649 2040 1687 vel
2087 1648 2217 1700 potius

427 1716 647 1768 Berytensis
692 1728 817 1767 nuper
864 1716 1075 1755 vindicatus
1108 1716 1220 1768 (Eph.
1267 1716 1384 1768 epigr.
1418 1717 1442 1755 4
1472 1730 1508 1768 p.
1542 1716 1658 1767 538);
1704 1716 1748 1763 Q.
1780 1717 1956 1756 Aemilius
1996 1717 2039 1764 Q.
2071 1718 2100 1768 f.
2134 1717 2214 1756 Pal.

427 1786 618 1824 Secundus
653 1786 714 1834 [in]
747 1788 876 1824 castris
915 1786 994 1824 dim·
1028 1785 1214 1836 1111913311)
1256 1786 1346 1835 811111]
1386 1784 1426 1823 P.
1459 1785 1621 1836 Sulpicio
1664 1784 1839 1831 Quirinio
1873 1786 1951 1837 lew.
1974 1785 2079 1837 Auo]
2123 1784 2213 1825 Cae-

426 1857 523 1894 saris
544 1854 680 1903 Syriae
710 1854 911 1893 honoribus
933 1854 1136 1898 decoratus,
1165 1855 1412 1905 praesecans)
1446 1854 1636 1905 colzorlffs)
1659 1852 1874 1905 Auyfflstae)
1907 1853 1937 1901 I,
1964 1854 2215 1906 praefectffls)

429 1922 619 1973 colzorw's)
655 1921 693 1960 II
711 1922 894 1961 classicae.
945 1922 1050 1961 Idem
1070 1926 1172 1962 iussu
1197 1922 1350 1968 Quirini
1375 1935 1524 1962 censum
1551 1924 1609 1974 eyz'
1634 1922 1842 1974 Apamenae
1873 1925 2028 1962 civitatis
2056 1923 2217 1962 millium

426 1992 649 2043 1101111710(ηή
707 1994 842 2031 civium
877 2002 995 2029 (serJ.
1046 1991 1147 2031 Idem.
1193 1994 1310 2030 mr'ssu
1357 1991 1511 2037 Quirini
1553 1991 1730 2030 adversus
1775 1990 1944 2030 Ituraeos
1988 1994 2027 2029 in
2073 1991 2213 2031 Libano

427 2068 548 2100 monte
581 2060 775 2100 castellum
813 2073 938 2099 eorum
980 2063 1068 2111 cepi.
1143 2061 1247 2107 Quae
1293 2061 1338 2099 de
1384 2060 1520 2099 officiis
1558 2060 1618 2098 his
1649 2059 1810 2110 exposui
1840 2059 1863 2097 l.
1886 2072 1918 2097 6.
1940 2072 1976 2110 p.
2010 2060 2102 2107 540,
2135 2072 2212 2099 non

427 2135 571 2181 repeto,
604 2141 691 2167 cum
725 2128 770 2167 ad
801 2134 975 2167 nostram
1007 2141 1089 2167 rem
1122 2129 1209 2167 inde
1239 2129 1336 2167 nihil
1367 2128 1566 2167 efficiatur.

561 2197 597 2235 8.
645 2198 688 2243 Q.
732 2196 987 2235 Caecilius
1032 2198 1261 2236 Metellus
1300 2197 1517 2236 Creticus
1555 2196 1752 2236 Silanus
1790 2209 1867 2235 cos.
1890 2209 1922 2235 a.
1947 2196 2038 2244 760,
2070 2196 2217 2247 legatus

431 2266 561 2318 Syriae
593 2265 639 2304 ab
670 2278 701 2304 a.
745 2272 847 2304 certe
889 2265 1016 2319 763s4
1053 2266 1098 2305 ad
1140 2279 1172 2305 a.
1213 2267 1292 2305 770
1325 2266 1481 2311 (Eckhel
1519 2265 1554 2307 3.
1596 2265 1675 2304 276
1708 2265 1843 2304 collato
1874 2276 2037 2303 nummo
2069 2277 2089 2303 a
2122 2265 2219 2304 San-

428 2334 632 2373 clementio
663 2347 699 2385 p.
733 2333 812 2373 348
844 2334 956 2373 allato
994 2335 1085 2373 anni
1122 2348 1190 2374 AM:
1228 2335 1382 2374 Tacitus
1421 2347 1510 2373 ann.
1543 2334 1580 2381 2,
1618 2335 1654 2372 4.
1685 2332 1760 2380 433
1800 2332 1950 2384 Ioseph.
1991 2332 2053 2379 18,
2082 2333 2119 2381 2,
2160 2334 2214 2382 4).

428 2403 552 2441 Etiam
586 2402 736 2441 Silanus
783 2403 894 2441 solito
936 2402 1097 2442 celerius
1142 2403 1371 2454 legationem
1405 2402 1534 2454 Syriae
1579 2402 1740 2453 adeptus
1786 2406 1855 2449 est,
1901 2406 1945 2439 ut
1974 2403 2215 2441 consulatum

428 2484 580 2523 quoque
610 2471 649 2508 in
680 2470 873 2521 integrum
906 2484 1050 2510 annum
1084 2471 1229 2519 tenuit3
1272 2471 1415 2510 scilicet
1460 2483 1529 2522 per
1571 2471 1640 2509 hos
1678 2482 1800 2509 annos
1837 2469 2046 2509 admodum
2086 2470 2218 2510 floruit

429 2546 562 2591 utpote
594 2553 702 2579 socer
730 2543 884 2579 futurus
921 2541 1084 2581 Neronis
1122 2541 1337 2580 Germanici
1375 2543 1399 2579 s.
1432 2540 1647 2591 aliquando,
1687 2546 1730 2578 ut
1767 2546 1850 2579 tum
1888 2539 2106 2587 credebant,
2137 2540 2218 2579 im-

428 2609 609 2662 peraturi.
670 2609 844 2649 Diximus
876 2610 920 2649 de
952 2624 995 2649 co
1026 2610 1256 2661 Borghesius
1287 2623 1373 2649 ann.
1400 2609 1505 2649 1849
1528 2622 1563 2660 p.
1588 2610 1635 2647 51
1662 2622 1718 2660 sq.
1750 2627 1806 2642 Ξ
1834 2622 1920 2660 opp.
1954 2609 1976 2647 5
1999 2622 2035 2660 p.
2070 2608 2147 2646 211
2181 2614 2219 2647 61

429 2692 497 2729 cgo
527 2678 623 2730 Eph.
655 2678 772 2729 epigr.
805 2678 828 2716 3
851 2692 887 2729 p.
914 2680 975 2717 14.
1037 2678 1113 2717 Cur
1144 2691 1211 2730 per
1243 2684 1299 2717 tot
1329 2691 1448 2717 annos
1480 2677 1716 2729 provinciam
1757 2677 1971 2724 retinuerit,
2006 2676 2216 2716 Suetonius

429 2747 608 2797 explicat,
656 2760 744 2785 cum
784 2747 914 2785 scribit
945 2747 1054 2797 (Aug.
1087 2746 1154 2795 23)
1195 2753 1353 2798 propter
1391 2746 1533 2785 cladem
1573 2746 1774 2785 Varianam
1815 2747 2031 2797 Augustum
2072 2745 2217 2797 praesi-

429 2815 540 2854 dibus
570 2815 854 2867 provinciarum
886 2815 1090 2867 imperium
1118 2828 1354 2867 prorogasse,
1386 2822 1429 2854 ut
1459 2828 1479 2854 a
1510 2814 1643 2866 peritis
1664 2821 1702 2854 et
1722 2814 1890 2854 adsuetis
1913 2814 2215 2853 continerentur.

563 2885 603 2923 Si
633 2884 788 2935 quidem
820 2889 921 2922 recte
953 2884 1160 2923 statuimus
1191 2885 1332 2935 legatos
1355 2884 1517 2935 Augusti
1547 2883 1764 2935 provinciae
1788 2884 1918 2935 Syriae
1948 2883 2075 2922 nullos
2096 2882 2216 2922 fuisse

430 2965 498 3004 per
529 2966 593 2991 eos
628 2965 762 2999 annOS,
807 2952 946 3002 quibus
991 2958 1057 2991 aut
1086 2953 1282 3003 Augustus
1327 2953 1408 3003 ipse
1453 2952 1492 2990 in
1526 2952 1634 3003 Syria
1680 2952 1900 2991 morabatur
1944 2957 2011 2990 aut
2055 2951 2125 2990 sub
2171 2963 2215 2989 60

430 3021 591 3071 imperio
622 3021 885 3072 proconsulari
916 3021 1079 3072 praediti
1110 3034 1171 3059 res
1194 3021 1362 3060 Orientis
1385 3020 1581 3067 curabant,
1614 3020 1652 3058 in
1673 3021 1856 3060 laterculo
1879 3032 1993 3072 supra
2015 3018 2212 3071 proposito

430 3089 623 3140 probabile
655 3095 712 3128 est
742 3090 909 3141 legatum
939 3089 1101 3140 Augusti
1134 3102 1255 3128 unum
1279 3089 1404 3128 solum
1427 3089 1587 3128 deficere
1609 3088 1709 3128 inter
1730 3089 1872 3128 Varum
1895 3094 1932 3128 et
1953 3088 1992 3127 C.
2015 3087 2212 3128 Caesarem
