2227 3452
928 148 977 192 Π,
1004 149 1094 184 2-5
1848 151 1902 192 37

123 276 336 326 Augustum
364 271 552 323 Agrippae
589 271 747 310 cadaver
780 269 975 322 adspicere
1006 267 1176 307 noluisse
1207 262 1273 306 ὅτι
1305 266 1360 305 τὰ
1385 266 1473 306 ταῖν
1503 267 1691 319 τιμητῶν
1722 266 1905 321 ἔπραττε

122 344 245 396 ipsam
292 346 419 380 tamen
464 339 725 379 narrationem
762 336 1004 390 improbans)
1043 342 1081 376 et
1118 335 1196 374 743
1239 335 1331 387 (54,
1371 334 1441 374 35:
1493 332 1745 385 Αὔγουστος
1790 333 1904 377 εἷπο-

120 407 289 464 γραφοὲς
326 434 376 439 —-
421 403 680 461 ὑπογραφάς
718 406 806 446 libri
844 430 898 433 —
933 420 977 445 τε
1014 401 1254 458 ἐποιήσατο
1293 400 1437 443 πάντα
1472 402 1525 442 τὰ
1570 400 1820 457 ὑπάρχοντά
1861 403 1904 445 οἳ

101 475 324 530 ,καθάπερ
363 492 429 523 τις
472 473 646 529 ἰδιώτης
682 472 1094 528 ἀπογραψάμενοςκ
1132 478 1314 525 quartum
1354 486 1384 512 a.
1419 473 1498 510 757
1542 473 1630 521 (55,
1671 473 1751 523 13),
1788 487 1904 525 quem

122 555 248 588 tamen
279 559 350 598 pro
381 558 499 585 censu
529 545 669 584 habere
699 544 780 596 ipse
810 544 1008 595 Augustus
1038 542 1216 589 noluerit,
1248 554 1337 580 nam
1370 541 1467 580 lecto
1499 547 1635 580 senatu
1666 554 1801 581 censos
1823 556 1906 582 esse

121 629 186 656 eos
221 615 323 654 50105
361 615 426 665 qui
462 614 502 652 in
533 613 638 653 Italia
674 612 892 652 habitarent
928 618 966 651 et
995 612 1082 663 plus
1120 611 1283 650 ducenta
1321 610 1425 649 milia
1461 609 1682 649 sestertium
1720 611 1760 649 in
1795 611 1906 650 bonis

120 684 323 724 haberent:
355 681 428 722 καὶ
460 679 579 729 ὅπως
609 696 656 732 γε
686 677 743 734 μή
777 678 941 727 δόξειεν
972 674 1027 726 ὠς
1056 678 1233 733 τιμητὴς
1263 675 1366 718 αὐτὸ
1396 678 1544 718 ποιεῖν
1566 708 1575 717 .
1593 707 1628 717 ..
1650 675 1908 720 ἀνθύπατον

120 752 321 799 ἐξουσίαν
351 749 460 801 πρός
488 765 533 790 τε
563 747 613 789 τό
642 749 761 796 τέλος
791 748 875 789 τῶν
905 746 1177 801 ἀπογραφῶν
1207 746 1281 786 καὶ
1312 746 1422 800 πρὸς
1450 747 1526 801 τὴν
1555 747 1630 787 τοῦ
1658 749 1908 799 καθαρσίου

121 816 301 874 ποίησιν
339 820 600 872 προσέθετο.
660 818 761 857 Haec
797 832 818 857 a
849 830 936 857 vero
975 823 1017 857 ut
1054 818 1165 868 longe
1206 816 1410 863 recedunt,
1452 816 1504 855 ita
1535 829 1604 855 cur
1634 817 1815 855 recedant
1844 817 1907 855 in-

120 890 244 941 tellegi
281 894 430 941 potest,
468 900 592 938 neque
634 887 737 926 enim
776 887 838 926 hic
869 898 1067 925 versamur
1102 886 1141 924 in
1179 885 1297 924 meris
1339 884 1552 931 erroribus,
1596 885 1662 923 sed
1698 885 1737 923 in
1775 898 1907 924 rerum

120 957 414 1010 interpolatione
444 956 679 1008 gravissima.
739 956 813 994 Ter
844 968 1002 994 censum
1028 955 1150 1005 egisse
1171 954 1389 1005 Augustum
1411 953 1479 992 Dio
1501 966 1655 1005 quoque
1676 953 1796 1005 ponit,
1829 954 1908 993 sive

120 1041 140 1067 a
160 1026 345 1067 Suetonio
365 1025 524 1064 edoctus
547 1025 624 1064 sive
646 1024 815 1071 aliunde;
848 1036 1009 1075 eamque
1039 1023 1161 1074 ipsam
1193 1023 1242 1061 ob
1273 1036 1427 1062 causam
1459 1036 1490 1061 a.
1515 1023 1593 1060 757
1625 1022 1790 1061 lustrum
1820 1023 1908 1074 qui-

120 1097 205 1136 dem
238 1107 362 1145 neque
395 1100 521 1133 tamen
552 1106 710 1132 censum
743 1095 884 1132 sactum
917 1106 1000 1132 esse
1032 1091 1229 1131 contendit
1260 1105 1350 1130 sane
1382 1104 1498 1142 quam
1531 1104 1719 1142 perverse,
1751 1105 1797 1130 ne
1831 1098 1908 1131 ter-

120 1164 270 1204 narium
303 1175 510 1202 numerum
542 1162 753 1201 excederet.
795 1163 942 1200 Census
974 1167 1102 1199 autem
1134 1161 1209 1199 duo
1247 1160 1376 1199 ticticii
1405 1174 1437 1198 a.
1462 1160 1540 1198 735
1573 1165 1611 1198 et
1633 1160 1756 1205 742„ss
1778 1167 1909 1212 aperte

119 1232 304 1285 originem
329 1237 528 1270 traxerunt
548 1244 593 1270 ex
615 1243 705 1269 cura
728 1242 894 1276 morum,
913 1242 1027 1280 quam
1047 1229 1207 1267 Dionem
1230 1228 1396 1267 vidimus
1418 1229 1650 1267 contendere
1672 1229 1718 1267 ab
1735 1230 1907 1279 Augusto

120 1302 178 1341 bis
216 1306 407 1352 receptam
446 1312 529 1338 esse
566 1312 598 1337 a.
623 1299 701 1337 7:35
734 1305 772 1337 et
802 1298 894 1344 742,
926 1298 1086 1349 eiusque
1124 1297 1266 1335 erroris
1307 1310 1393 1348 pars
1433 1302 1471 1335 et
1510 1297 1660 1347 sequela
1700 1304 1759 1336 est
1795 1311 1908 1337 curae

119 1370 201 1409 eius
238 1370 282 1409 ad
320 1379 523 1407 censuram
557 1366 766 1405 translatio.
828 1366 874 1404 lli
904 1379 1043 1404 census
1075 1366 1157 1404 salsi
1189 1366 1420 1417 expulerunt
1451 1379 1559 1404 veros
1591 1379 1622 1405 a.
1648 1368 1726 1405 746
1749 1368 1907 1415 61767;

119 1439 268 1491 primus
299 1436 495 1476 remansit.
543 1435 808 1474 Narratitmem
841 1435 885 1473 de
916 1441 1053 1485 quarto
1085 1448 1202 1473 censu
1234 1440 1392 1473 eatenus
1423 1440 1527 1485 patet
1557 1441 1779 1486 corruptam
1811 1450 1907 1483 esse,

119 1508 221 1559 quod
260 1519 398 1545 census
435 1511 542 1543 actus
579 1517 663 1542 esse
700 1503 840 1542 dicitur
876 1503 957 1541 iure
998 1503 1264 1554 proconsulari
1302 1516 1376 1541 non
1417 1503 1542 1541 solum
1582 1510 1713 1542 contra
1744 1505 1907 1555 Augusti

119 1576 239 1628 ipsius
278 1573 565 1619 testimonium,
605 1573 670 1611 sed
702 1572 816 1611 etiam
848 1578 981 1610 contra
1011 1572 1107 1610 iuris
1138 1571 1278 1623 publici
1310 1571 1517 1619 rationem,
1554 1572 1634 1623 ipsa
1666 1579 1793 1611 autem
1827 1573 1909 1612 sine

120 1644 236 1684 dubio
274 1656 351 1682 non
391 1642 511 1693 magis
553 1641 689 1680 ficticia
726 1648 785 1680 est
829 1654 944 1691 quam
991 1654 1087 1692 quae
1120 1641 1234 1679 simul
1266 1646 1473 1679 narrantur
1504 1641 1549 1679 de
1581 1646 1716 1679 senatu
1749 1648 1908 1692 purgato

120 1713 170 1765 (v.
192 1713 238 1752 ad
260 1712 297 1759 2,
325 1711 375 1761 1),
407 1723 642 1762 quamquam
675 1722 760 1748 vera
792 1709 846 1748 rei
878 1715 982 1748 actae
1012 1709 1185 1748 condicio
1216 1722 1262 1747 ex
1296 1709 1445 1748 turbata
1468 1709 1599 1748 Graeci
1621 1710 1788 1749 auctoris
1809 1711 1908 1749 rela-

120 1782 222 1821 tione
253 1792 387 1833 parum
420 1779 663 1831 perspicitur.

251 1849 424 1887 Primum
449 1860 608 1886 censum
632 1848 828 1897 Augustus
851 1847 927 1897 egit
950 1853 1044 1885 teste
1062 1846 1180 1885 Dione
1203 1846 1284 1893 (52,
1309 1846 1371 1884 42.
1392 1846 1456 1892 53,
1479 1847 1517 1897 1)
1540 1860 1607 1897 per
1627 1860 1748 1886 annos
1772 1847 1850 1885 725
1872 1854 1910 1886 et

121 1919 213 1958 726.
264 1918 448 1957 Lustrum
481 1916 678 1955 conditum
711 1929 793 1953 esse
825 1916 898 1954 1106
918 1928 1017 1954 anno
1040 1916 1108 1954 Dio
1131 1915 1261 1954 scribit
1284 1916 1592 1965 continuantque
1614 1916 1700 1954 sasti
1725 1916 1907 1955 Venusini

120 1987 177 2038 (C.
206 1987 268 2034 lx,
298 1986 397 2036 4‘22)
435 1986 479 2024 ad
517 1998 548 2022 a.
580 1984 681 2023 726:
719 1987 806 2035 imp.
838 1984 977 2023 Caesar
1017 1998 1061 2029 1'l,
1102 1984 1151 2022 M.
1185 1984 1349 2035 Ay‘rv'ppa
1381 1998 1410 2020 JJ
1445 1987 1531 2035 (cos.
1536 1982 1571 2034 )‚·
1614 1985 1711 2023 idem
1741 1988 1910 2023 censoria

119 2055 327 2108 potesttate)
375 2054 537 2093 lustrum
580 2053 799 2104 fecer(wtt),
837 2059 875 2091 et
912 2052 1116 2091 confirmat
1152 2052 1233 2103 ipse
1270 2052 1478 2101 Augustus,
1521 2064 1609 2090 cum
1648 2051 1686 2090 in
1728 2052 1907 2091 censibus

121 2124 303 2163 omnibus
334 2135 480 2161 annum
513 2134 695 2160 censurae
727 2134 804 2159 non
837 2129 1004 2173 coeptae,
1042 2122 1106 2160 sed
1139 2120 1267 2159 linitae
1298 2120 1555 2172 adscripserit.
1618 2120 1803 2159 Censores
1842 2121 1908 2171 qui

122 2193 208 2231 facti
239 2198 331 2231 sunt
361 2192 461 2229 inter
492 2191 533 2228 L.
557 2190 719 2229 Gellium
752 2196 791 2228 et
821 2190 888 2228 Cn.
911 2189 1117 2228 Lentulum
1150 2195 1188 2227 et
1219 2188 1419 2227 Caesarem
1450 2189 1618 2226 lustrum
1657 2200 1735 2226 non
1772 2188 1908 2226 1661556

121 2266 207 2313 post
236 2260 475 2299 luculentum
507 2259 552 2296 (16
584 2258 809 2297 censoribus
838 2257 979 2296 saeculi
1003 2270 1050 2295 vu
1073 2257 1395 2296 connnentarium
1420 2256 1616 2307 Borghesii
1639 2256 1751 2294 bodie
1773 2269 1908 2296 omnes

122 2328 387 2376 consentiunt;
424 2327 591 2366 lustrum
624 2326 717 2366 illud
749 2327 899 2366 videtur
930 2326 1048 2365 fuisse
1070 2338 1168 2373 LXix,
1201 2326 1273 2364 1106
1294 2338 1366 2364 Lxx
1388 2324 1633 2377 (Scaacsrecm
1657 2324 1709 2362 22
1736 2339 1770 2376 p.
1794 2324 1905 2373 331).

122 2397 219 2436 Anni
249 2396 315 2448 qui
346 2397 605 2435 interfuerunt
636 2395 737 2435 inter
767 2396 935 2435 lustrum
967 2408 987 2433 a
1019 2394 1138 2433 Gellio
1169 2400 1207 2433 et
1238 2394 1400 2433 Lentulo
1438 2393 1637 2432 conditum
1677 2399 1715 2432 et
1744 2393 1908 2443 Augusti

121 2466 289 2517 primum
322 2477 398 2503 x1.11
429 2464 624 2515 quomodo
656 2464 866 2516 computati
898 2463 987 2511 sint,
1025 2463 1166 2515 pendet
1195 2462 1242 2501 ab
1273 2475 1373 2501 anno
1405 2461 1517 2501 lustri
1548 2461 1721 2513 proxime
1753 2473 1908 2513 praece—

123 2533 258 2572 dentis.
320 2533 425 2572 Solet
464 2532 501 2571 id
540 2532 705 2571 adscribi
744 2533 791 2571 ad
821 2546 853 2571 a.
877 2532 980 2579 6843
1019 2538 1057 2570 at
1088 2544 1148 2570 res
1179 2544 1210 2570 a.
1234 2530 1313 2569 683
1352 2530 1413 2569 vix
1452 2530 1504 2569 ita
1541 2528 1742 2574 ordinaris,
1782 2534 1824 2567 ut
1864 2541 1908 2567 eo

123 2671 324 2722 gistratum
356 2671 620 2721 deposuerunt
650 2669 837 2720 sequenti.
898 2669 945 2708 Et
975 2668 1105 2707 Livius
1146 2680 1299 2718 quoque
1331 2672 1425 2719 (per.
1450 2668 1520 2717 93)
1552 2667 1715 2705 lustrum
1750 2679 1794 2703 eo
1825 2665 1907 2703 loco

123 2741 250 2785 refert,
290 2744 332 2777 ut
361 2739 407 2777 ad
438 2751 470 2776 a.
494 2737 573 2776 685
606 2738 642 2776 111
680 2739 873 2789 pertinere
909 2743 1100 2788 appareat.
1167 2736 1268 2774 Anni
1305 2736 1433 2787 itaque
1469 2748 1545 2773 xLu
1584 2747 1672 2773 cum
1716 2734 1906 2772 numerati

124 2807 201 2846 sint
229 2807 276 2846 ab
306 2819 338 2846 a.
361 2805 440 2845 685
472 2806 517 2844 ad
548 2819 580 2844 a.
605 2806 696 2853 726,
728 2812 885 2857 apparet
922 2805 1091 2856 primum
1132 2811 1453 2856 postremumque
1491 2803 1553 2841 1116
1583 2801 1907 2852 comprehenstun

124 2888 218 2914 esse.
256 2898 308 2902 —
347 2874 394 2913 In
439 2874 637 2913 consutam
680 2881 783 2913 seaeto
819 2874 1014 2923 Augustus
1051 2874 1104 2911 ait
1149 2873 1316 2911 lustrum
1365 2885 1405 2911 se
1454 2872 1713 2921 collegamque
1758 2869 1906 2916 secisse,

125 2946 290 2983 censoria
316 2950 493 2994 potestate
523 2942 611 2981 fasti
632 2941 827 2989 Venusini,
859 2948 961 2980 16616
992 2948 1030 2980 61
1050 2941 1111 2979 1116
1132 2947 1171 2979 61
1191 2941 1251 2988 111;
1284 2940 1428 2979 56111661
1448 2939 1562 2978 rediit
1584 2938 1779 2988 Augustus
1800 2949 1907 2976 more

126 3023 194 3050 suo
238 3011 282 3050 ad
325 3010 632 3062 antiquissimam
679 3006 809 3048 rerum
856 3009 1156 3056 ordinationem,
1202 3010 1354 3060 quando
1393 3009 1465 3048 sub
1506 3007 1659 3058 regibus
1696 3005 1907 3058 primisque

126 3079 346 3120 consulibus
381 3091 442 3119 res
473 3078 624 3131 publica
655 3084 736 3118 erat
765 3090 836 3118 nec
866 3090 1045 3118 censores
1077 3077 1143 3117 ulli
1173 3077 1413 3126 creabantur,
1445 3077 1511 3116 sed
1543 3087 1651 3127 reges
1682 3074 1906 3114 consulesve
