2227 3452
1767 162 1931 196 XXXIII

139 290 185 340 of
214 288 411 327 verinilion
471 298 569 325 some
605 286 735 326 houses
772 297 839 324 are
881 285 973 324 built
1013 285 1159 334 ayainst
1195 282 1250 320 the
1290 282 1393 320 other
1428 289 1535 332 parts
1573 284 1619 334 of
1650 285 1688 321 it.
1749 282 1820 321 The
1854 283 1930 321 title

139 358 185 406 of
209 357 264 396 the
298 355 415 395 Greek
445 357 664 406 inscription
695 365 853 405 appears
884 360 918 393 to
948 353 1039 392 have
1071 351 1159 390 been
1188 353 1229 388 in
1260 362 1326 389 one
1357 350 1429 388 line
1451 361 1497 388 on
1519 351 1574 389 the
1596 358 1672 389 east
1693 351 1787 390 sicle:
1816 350 1930 390 which

137 427 167 464 is
197 437 220 463 a
247 425 342 475 qood
370 435 506 462 reason
535 431 570 462 to
601 435 776 474 suppose,
817 421 896 460 that
925 421 982 460 tlte
1012 418 1126 458 whole
1160 417 1276 457 Greek·
1306 420 1523 469 inscription
1551 431 1627 457 was
1657 431 1704 457 on
1734 420 1812 458 that
1841 420 1927 464 side,

140 493 290 532 because
327 493 385 531 the
424 490 534 531 Latin
571 492 692 543 beyins
730 503 777 530 on
808 490 863 528 the
894 496 978 528 west
1007 489 1095 527 side.
1157 486 1391 526 Prodierunt
1420 486 1513 524 haec
1543 485 1582 524 in
1612 486 1929 538 inscriptionibus

139 560 307 611 antiquis
346 573 365 599 3
404 559 593 599 Pocockio
625 558 737 598 editis
768 557 948 596 Londinii
985 570 1016 595 a.
1051 555 1155 595 1752
1193 569 1230 608 p.
1254 556 1290 594 6.
1314 556 1351 593 7.
1420 554 1535 593 Plene
1577 561 1619 593 ut
1660 555 1731 606 legi
1773 563 1932 607 possent

138 642 235 681 quae
266 642 311 668 ex
343 629 496 668 Graecis
528 633 750 679 supersunt,
781 626 944 678 parietes
975 626 1022 664 ad
1052 636 1209 663 murum
1248 624 1354 662 illum
1391 623 1558 675 appliciti
1597 623 1774 662 diruendi
1810 630 1930 668 erant,

138 698 241 749 quod
273 704 406 737 nostro
438 698 593 736 demum
620 696 770 735 saeculo
802 694 986 734 successit
1016 693 1155 746 partim
1188 692 1410 732 Hamiltono
1441 706 1474 731 a.
1500 691 1605 731 1836
1638 692 1863 743 (researches
1893 695 1931 731 in

139 767 225 806 Asia
246 769 381 806 minor.
405 765 585 805 Londinii
609 764 714 804 1842
746 764 818 802 vol.
840 765 857 802 1
883 777 920 815 p.
939 762 1016 801 421
1042 765 1087 801 cf.
1113 762 1229 801 inscr.
1248 761 1285 808 2,
1308 762 1388 800 416
1410 773 1448 799 11.
1470 759 1578 811 102),
1610 760 1750 812 partim
1773 760 1932 798 Perroto

139 848 171 874 a.
197 834 300 874 1861
335 835 400 886 (cf.
422 834 505 873 itin.
528 847 565 885 p.
589 833 668 872 300
701 845 875 884 quaeque
906 845 952 870 ex
982 831 1154 883 epistulis
1186 831 1267 870 eius
1297 832 1521 869 referuntur
1550 830 1590 868 111
1621 828 1932 880 ephemeridibus

139 911 295 956 comples
324 903 464 943 rendus
494 903 536 942 de
567 902 785 942 l⁷Academie
817 901 878 940 (les
906 903 1142 952 inscriptions
1171 913 1202 939 3.
1224 899 1326 939 1861
1351 912 1387 951 p.
1407 898 1499 937 241.
1518 898 1611 945 275,
1644 911 1676 936 a.
1697 897 1803 937 1862
1825 910 1861 949 p.
1880 897 1931 936 63

139 979 177 1011 61
208 972 308 1012 Butl.
333 971 419 1011 ‹lett'
448 973 614 1010 instituto
646 970 897 1021 archeoloyico
922 969 1026 1009 1861
1051 982 1087 1021 p.
1113 968 1190 1008 193
1214 968 1324 1019 seq),
1355 967 1509 1020 partim,
1540 972 1583 1006 ut
1614 978 1730 1018 supra
1760 979 1796 1018 p.
1818 979 1933 1004 xxvm

139 1040 356 1092 expositum
399 1046 467 1086 est,
499 1052 532 1077 a.
559 1038 665 1077 1882
696 1037 916 1077 1111111311110.
985 1038 1033 1077 Ε1
1069 1050 1112 1076 ex
1150 1042 1235 1076 octo
1277 1036 1431 1087 quidem
1474 1035 1610 1087 primis
1649 1034 1799 1087 paginis
1837 1047 1933 1085 quae

141 1114 368 1160 supersunt,
406 1108 557 1159 primus
589 1107 792 1158 descripsit
822 1106 959 1144 Pei-rot
989 1118 1129 1157 easque
1160 1105 1279 1144 edidit
1309 1105 1347 1143 in
1380 1104 1519 1143 tabulis
1550 1103 1737 1142 itinerarii
1764 1115 1864 1141 xxvn
1896 1110 1933 1141 et

140 1190 280 1225 xxvn13
327 1177 508 1223 decimae,
555 1175 793 1222 undecimae,
840 1175 1100 1221 duodecimae,
1147 1174 1316 1213 decimae
1363 1176 1495 1212 tertiae
1542 1171 1746 1223 particulas
1785 1171 1934 1223 excepit

141 1246 347 1292 Hamihon,
378 1244 512 1296 relegit
542 1244 677 1283 deinde
710 1250 747 1282 et
778 1243 942 1295 explevit
964 1243 1147 1282 Perrotus
1179 1248 1473 1294 repraesentans
1505 1254 1567 1280 eas
1599 1241 1637 1279 in
1669 1240 1794 1279 tabula
1827 1252 1932 1287 xx1x3

138 1321 328 1353 extremas
373 1326 438 1352 sex
480 1313 717 1352 habebamus
762 1312 808 1351 ab
849 1312 929 1350 solo
961 1311 1194 1358 IIamiltono,
1240 1311 1315 1349 nisi
1360 1310 1461 1361 quod
1508 1309 1733 1361 paginarum
1779 1308 1934 1359 quintae

138 1382 308 1421 decimae
339 1388 376 1421 et
407 1387 536 1420 sextae
567 1380 737 1420 decimae
769 1386 916 1432 partem
955 1381 1069 1418 etiam
1101 1379 1316 1418 Pocockius
1357 1378 1487 1425 edidit,
1528 1377 1857 1417 duodevicesimae
1897 1382 1936 1415 et

137 1450 445 1490 undevicesimae
482 1456 631 1502 partem
672 1449 904 1500 descriptam
937 1448 1053 1487 habui
1084 1461 1103 1486 3
1135 1448 1418 1487 Mordtmanno.
1480 1446 1620 1485 Eadem
1660 1459 1757 1497 quae
1788 1445 1935 1484 Mordt-

139 1532 305 1558 mannus
346 1518 459 1565 vidit,
501 1518 616 1557 etiam
656 1517 856 1556 Texicrius
887 1518 942 1568 (1,
968 1518 1062 1565 177)
1100 1516 1234 1555 scribit
1275 1515 1523 1567 descripsisse
1564 1528 1602 1553 se
1640 1527 1764 1566 neque
1806 1521 1934 1553 tamen

139 1588 358 1640 exemplum
391 1600 505 1626 suum
537 1586 667 1626 edidit.
728 1586 899 1637 Denique
922 1586 1152 1625 Humannus
1184 1585 1361 1636 paginam
1394 1597 1536 1623 nonam
1570 1583 1732 1630 totam¹)
1764 1589 1802 1621 61
1830 1582 1936 1621 (1661-

141 1669 224 1695 mae
270 1662 428 1707 quartae
466 1663 613 1707 partem
655 1655 839 1694 maiorem
886 1654 1035 1706 primus
1081 1655 1280 1706 patet'ecit;
1331 1654 1564 1705 reliquarum
1611 1665 1764 1704 quoque
1810 1652 1936 1690 hiatus

142 1726 253 1765 multi
290 1732 333 1765 ut
363 1738 408 1764 ex
437 1726 645 1777 archetypo
687 1724 943 1776 explerentur,
990 1723 1092 1762 idem
1138 1724 1264 1763 effecit
1304 1723 1484 1762 universo
1524 1721 1667 1775 pariete
1709 1721 1856 1760 detecto
1898 1726 1937 1759 et

140 1795 284 1847 ectypis
314 1794 511 1846 gypsaceis
542 1794 764 1832 Berolinum
798 1792 1047 1831 transmissis.

273 1863 414 1902 Graeca
446 1868 490 1901 ut
520 1863 566 1901 ab
597 1862 707 1901 initio
740 1861 878 1900 melius
910 1867 1060 1900 exarata
1092 1864 1251 1900 suerunt
1281 1873 1397 1912 (1113111
1431 1860 1576 1906 Latina,
1608 1871 1842 1910 quamquam
1875 1870 1937 1896 er-

139 1944 245 1970 rores
282 1931 321 1970 in
370 1931 416 1969 iis
462 1931 559 1970 fabri
605 1931 757 1982 saepius
800 1930 1081 1969 commiserunt
1134 1942 1250 1980 (1113111
1292 1930 1331 1968 111
1377 1929 1459 1975 his,
1515 1929 1564 1967 ita
1617 1928 1798 1979 pleraque
1848 1939 1935 1965 cum

142 2000 214 2039 sub
245 2000 368 2039 muris
400 2002 477 2038 fere
508 2012 576 2051 per
608 2005 664 2038 tot
694 1999 844 2038 saecula
875 1997 1069 2044 latuerint,
1102 2011 1239 2049 magna
1271 2011 1315 2037 ex
1347 2004 1454 2049 parte
1486 1998 1634 2049 egregie
1667 2001 1814 2035 servata
1846 2001 1938 2033 sunt

141 2076 179 2107 et
218 2069 319 2107 lectu
356 2068 551 2114 facillima,
590 2080 678 2119 pars
710 2074 838 2106 tamen
871 2067 957 2105 data
988 2079 1101 2118 opera
1132 2080 1256 2113 erasa,
1289 2073 1331 2105 ut
1360 2067 1508 2105 litterae
1540 2065 1672 2104 multis
1702 2064 1795 2103 locis
1827 2063 1938 2115 plane

140 2137 377 2183 evanuerint,
409 2136 497 2175 alibi
529 2144 665 2175 tenues
698 2143 846 2175 1311111111
880 2136 996 2174 rimas
1029 2135 1264 2186 reliquerint.
1325 2134 1600 2185 Repetiverunt
1622 2139 1659 2172 et
1680 2132 1938 2171 emendarunt

142 2205 377 2244 l’ocockiana
412 2205 680 2243 Sainte-Croix
717 2205 755 2242 in
795 2204 1085 2243 commentariis
1124 2203 1339 2242 academiae
1380 2202 1575 2242 Parisinae
1606 2202 1678 2240 vol.
1702 2202 1753 2239 47
1789 2199 1932 2250 (1809)

141 2287 176 2325 1).
200 2273 251 2312 92
270 2286 367 2324 seq.;
400 2273 681 2312 Hamiltoniana
703 2273 873 2323 Eggerus
905 2272 943 2310 in
967 2272 1091 2311 Latini
1123 2272 1316 2311 sermonis
1340 2271 1560 2310 vetustioris
1592 2269 1764 2321 reliquiis
1786 2268 1937 2308 selectis

141 2341 318 2391 (Parisiis¹
339 2341 443 2381 1843
468 2355 502 2392 p.
527 2341 607 2380 384
629 2349 725 2392 seq.)
758 2348 795 2380 et
816 2341 1000 2380 Franzius
1031 2342 1199 2393 primum
1232 2341 1270 2379 in
1295 2340 1478 2379 Gerhardi
1510 2339 1630 2378 diario
1653 2337 1938 2388 archaeologico

141 2424 173 2449 a.
199 2411 304 2450 1843
327 2424 362 2462 p.
389 2410 564 2457 17—26‚
597 2410 733 2449 deinde
757 2411 795 2449 in
819 2410 857 2448 C.
876 2410 903 2448 Ι.
927 2410 990 2448 Gr.
1014 2410 1087 2448 vol.
1111 2410 1133 2448 3
1158 2422 1194 2448 11.
1219 2409 1339 2455 4040,
1363 2408 1519 2448 1611111111
1543 2408 1580 2446 111
1603 2407 1771 2445 editione
1795 2418 1936 2444 monu-

143 2479 262 2517 menti
291 2479 502 2531 Ancyrani,
541 2491 655 2530 quam
698 2492 730 2517 a.
758 2478 862 2517 1845
895 2491 983 2517 611111
1017 2478 1195 2530 Zumptio
1227 2477 1385 2516 curavit.
1446 2477 1630 2515 Perrotus
1661 2488 1757 2526 (11136
1789 2473 1938 2519 adiecit,

143 2546 182 2585 in
213 2547 340 2599 priore
370 2547 537 2586 editione
569 2560 652 2586 mea
684 2559 752 2597 ego
784 2546 933 2598 primus
967 2546 1136 2593 tractavi,
1168 2545 1390 2584 retractavit
1421 2545 1619 2595 Bergkius.

275 2615 478 2666 Exemplar
518 2615 698 2654 Latinum
739 2616 909 2667 Ancyrae
955 2615 1202 2666 propositum
1241 2626 1329 2652 cum
1367 2613 1590 2665 bipertitum
1633 2611 1703 2658 sit,
1751 2610 1940 2649 secundae

144 2683 263 2735 partis
294 2683 525 2734 principium
558 2683 598 2722 in
630 2683 837 2735 exemplari
861 2684 1004 2722 Graeco
1035 2683 1247 2722 indicatum
1270 2688 1329 2720 est
1351 2681 1509 2732 virgulis
1531 2680 1679 2719 duabus
1701 2678 1939 2730 interpositis

145 2753 182 2790 in
214 2751 424 2790 interstitio
455 2763 636 2789 versuum
663 2753 681 2789 1
707 2758 745 2790 ct
767 2752 790 2789 2
813 2751 971 2802 paginae
1001 2752 1169 2790 decimae
1192 2751 1236 2790 ad
1260 2750 1492 2802 principium
1516 2751 1711 2799 finemque
1733 2747 1939 2787 collocatis.

148 2819 333 2859 Similiter
373 2819 411 2858 in
452 2819 663 2858 interstitio
695 2832 877 2858 versuum
913 2821 963 2858 16
995 2826 1033 2858 61
1070 2820 1116 2858 17
1153 2819 1313 2871 paginae
1352 2817 1684 2857 duodevicesimae
1726 2815 1939 2855 auctarium

148 2894 349 2940 separatur
380 2901 400 2927 3
431 2888 711 2926 commentario
742 2888 864 2939 ipsius
895 2888 1072 2939 Augusti.
1133 2887 1360 2927 Observavit
1391 2888 1483 2926 haec
1514 2885 1856 2925 Domaszewskius.

276 3005 301 3043 1)
330 3003 375 3037 ΠΗ
399 3012 482 3046 gros
507 3003 725 3044 contre-sort,
760 3002 948 3034 Guillaume
974 3002 1025 3034 ait
1049 3013 1079 3044 p.
1107 3002 1190 3042 300,
1215 3013 1298 3034 noas
1323 3012 1341 3033 α
1370 3000 1468 3033 cache
1491 3000 1522 3032 la
1547 2999 1713 3032 neutn'eyne
1738 3000 1887 3040 calonne,
1911 3000 1940 3029 et

143 3071 228 3093 nous
251 3071 353 3093 avons
377 3059 422 3092 df(
446 3069 613 3099 renoncer,
639 3070 703 3091 non
729 3070 808 3090 sans
833 3062 976 3100 reg-rats,
1006 3057 1026 3090 (ὶ
1050 3059 1077 3090 Ie
1101 3058 1248 3091 ddmolir.

1698 3158 1725 3193 C
