2430 3394
421 109 477 148 24
1217 99 1247 142 I,
1273 99 1410 134 32—-35

421 232 484 265 tus
515 224 580 275 (cf.
613 223 658 270 3,
691 222 766 268 86,
800 222 836 260 7.
897 219 987 267 103,
1020 220 1084 271 4);
1123 217 1294 270 Dionysii
1326 218 1362 263 5,
1395 216 1466 264 73,
1512 216 1578 255 ubi
1615 215 1778 256 dictator
1823 217 1962 256 dicitur
1997 214 2209 269 μόναρχος

420 292 617 344 πολέμου
647 306 691 330 τε
722 289 793 330 καὶ
826 288 994 342 εἰρήνης
1016 287 1087 327 καὶ
1110 284 1273 332 παντὸς
1295 283 1427 325 ἄλλου
1451 281 1702 336 πράγματος
1723 280 2018 338 αὗτοκράτωρς
2047 284 2210 337 Appiani

419 363 456 402 h.
479 375 510 401 c.
533 361 571 407 2,
594 359 659 406 23,
690 359 756 411 qui
787 357 1013 409 Pompeium
1048 356 1171 395 solum
1205 354 1402 393 consulem
1434 355 1578 393 factum
1601 366 1685 392 esse
1706 360 1838 392 narrat
1857 354 1919 401 ita,
1952 350 2006 400 ὠς
2037 350 2089 391 ἂν
2120 351 2210 403 ἔχοι

419 429 496 482 τὴν
526 428 602 482 μὲν
633 424 836 476 ἐξουσίαν
867 424 1128 473 δικτάτωρος
1161 418 1304 473 ἄρχω-ν
1334 419 1484 473 μόνος,
1516 420 1590 474 τὴν
1621 420 1663 460 δ’
1695 418 1884 461 εὔθυναν
1914 418 2095 461 ὑπάτου.
2155 420 2210 460 Cf.

422 497 651 539 Scaatsrecht
682 496 706 534 2
738 509 774 548 p.
800 494 891 534 136.
924 518 974 522 -—
1007 493 1241 532 Dictaturam
1273 503 1306 528 a.
1330 489 1410 529 732
1442 490 1583 542 populo
1614 490 1808 540 flagitante
1838 503 1858 528 a
1889 496 2024 529 senatu
2046 490 2212 529 oblatam

423 581 507 608 esse
538 567 713 617 Augusto
750 577 875 615 neque
911 563 958 602 ab
998 575 1042 601 eo
1074 566 1264 611 receptam
1299 558 1367 598 Dio
1400 559 1464 604 54,
1491 559 1509 596 1
1545 559 1596 597 ita
1618 565 1790 598 enarrat:
1830 556 2093 610 πονούμενοι
2125 554 2212 598 ὑπὸ

422 652 465 676 τε
502 635 574 689 τῆς
610 630 742 674 νόσου
780 633 849 671 καὶ
892 625 987 671 {inii
1009 630 1084 669 τοῦ
1114 627 1245 678 λιμιοῖ
1278 657 1286 666 .
1306 658 1313 665 .
1333 657 1342 666 .
1376 628 1630 679 νομίσαντες
1661 624 1703 666 οἳ
1731 623 1937 679 Ῥωμαῖοι
1970 624 2043 666 οὒκ
2074 624 2214 673 ἄλλως

423 706 552 759 σφίσι
583 703 717 742 ταῦτα
748 699 1078 753 συμβεβηκέναι,
1110 692 1210 736 ἀλλ’
1243 692 1308 735 ὅτι
1340 694 1397 749 μὴ
1429 695 1501 734 καὶ
1532 692 1627 735 τότε
1649 692 1922 735 ὑπατεύοντα
1943 694 2016 735 τὸν
2042 692 2214 744 Αὔγου-

425 784 526 813 στον
556 770 693 822 ἔσχον,
725 768 970 820 δικτάτωρα
1000 759 1131 806 αὐτὸν
1162 761 1387 818 ἠθέλησαν
1419 765 1814 816 προχειρίσασθαι·
1848 761 1919 803 καὶ
1950 761 2026 817 τήν
2045 779 2090 803 τε
2111 764 2216 815 βου-

423 840 501 895 λὴν
545 837 899 883 κατακλείσαντες
944 835 986 883 ἐς
1029 833 1076 875 τὸ
1125 832 1351 886 συνέδριον
1396 831 1707 886 ἒπηνάγκασαν
1748 832 1874 872 τοῦτο
1906 833 2214 886 ψηφίσασθαι,

424 907 706 953 ἀπειλοῦντές
737 916 852 957 σφας
873 898 1182 957 καταπρήσειν.
1225 903 1294 941 καὶ
1320 901 1428 953 μετὰ
1448 901 1583 941 ταῦτα
1603 900 1678 948 τὰς
1700 898 1888 955 ῥάβδους
1908 900 1984 948 τὰς
2004 903 2217 952 τέσσαρας

424 977 495 1017 καὶ
542 977 680 1016 εἴκοσι
725 970 929 1024 λαβόντες
969 971 1228 1026 προσῆλθον
1269 968 1384 1020 aiz&
1421 967 1667 1022 δικτάτωρα
1702 983 1746 1009 τε
1785 966 1875 1021 ἅμα
1912 967 2112 1023 δεόμενοι
2149 968 2217 1009 λε-

425 1046 588 1099 χθῆναι
620 1042 690 1083 καὶ
724 1038 986 1094 ἐπιμελητήν
1016 1040 1092 1079 τοῦ
1124 1041 1246 1078 σίτου
1268 1036 1475 1090 καθάπερ
1498 1038 1604 1079 ποτὲ
1625 1038 1699 1079 τὸν
1724 1036 1959 1092 Πομπήιον
1985 1038 2216 1088 γενέσθαι·

424 1115 495 1154 καὶ
528 1109 573 1160 ὃς
606 1112 728 1151 τοῦτο
763 1109 843 1163 μὲν
873 1107 1116 1158 ἀναγκαίως
1148 1106 1322 1154 ἐδέξατο
1354 1138 1474 1146 .....
1506 1106 1582 1160 την
1608 1106 1655 1147 δὲ
1678 1106 1990 1160 δικτατωρείαν
2012 1104 2061 1146 οὗ
2082 1116 2218 1159 προσ-

424 1181 573 1237 ήκατο,
612 1177 721 1219 ἀλλὰ
758 1178 829 1218 καὶ
871 1174 948 1231 την
987 1175 1157 1231 ἐσθῆτα
1194 1175 1620 1230 προσκατεῤῥήξατο,
1660 1174 1815 1229 ἐπειδὴ
1854 1174 2019 1228 μηδένα
2056 1173 2220 1227 τρόπον

425 1249 564 1297 ἄλλως
602 1261 716 1300 σφας
757 1246 957 1298 ἐπισχεῖν
998 1243 1102 1299 μήτε
1141 1242 1445 1297 διαλεγόμενος
1475 1243 1580 1297 μήτε
1611 1242 1815 1295 δεόμενος
1846 1241 2058 1297 ἠδυνήθη.
2118 1244 2220 1284 Con-

427 1320 588 1359 veniunt
616 1317 781 1355 Velleius
814 1316 858 1362 2,
892 1315 962 1359 89,
995 1316 1040 1354 5:
1081 1315 1307 1354 dictaturam
1345 1326 1454 1366 quam
1490 1316 1732 1365 pertinaciter
1767 1316 1802 1352 ei
1835 1313 2025 1364 deferebat
2056 1313 2252 1365 populus,

428 1397 504 1429 tam
531 1392 743 1427 constanter
767 1384 929 1437 repulit,
961 1383 1170 1423 Suetonius
1192 1383 1286 1434 Aug.
1311 1381 1381 1421 52:
1417 1383 1640 1422 dictaturam
1664 1394 1802 1433 magna
1832 1384 1871 1420 vi
1890 1380 2066 1434 offerente
2085 1380 2221 1433 populo

430 1470 529 1510 yenu
566 1459 682 1495 uiscus
718 1454 854 1493 deiecta
896 1453 941 1492 ab
982 1453 1122 1491 umeris
1160 1458 1244 1502 toya
1280 1451 1382 1489 nudo
1417 1458 1561 1502 pectore
1604 1452 1822 1501 deprecatus
1852 1456 1923 1496 θείς
1962 1448 2152 1488 Eusebius
2181 1449 2221 1487 in

431 1525 611 1565 chronico
643 1523 687 1562 ad
720 1535 752 1561 a.
775 1521 864 1561 Abr.
890 1520 997 1560 1994
1029 1520 1107 1559 sive
1138 1519 1246 1558 urbis
1278 1518 1358 1558 732
1389 1519 1491 1570 (vide
1522 1532 1555 1571 p.
1579 1520 1666 1566 14);
1704 1516 1957 1567 Αὔγουστος
1985 1519 2224 1570 μοναρχίαν

428 1590 776 1645 ἐγχειριζομένην
813 1586 1058 1634 ἀπεώσατο,
1096 1594 1274 1639 erratque
1313 1594 1355 1626 ut
1392 1588 1489 1626 solet
1518 1587 1654 1627 Florus
1686 1588 1729 1634 2,
1764 1587 1813 1626 13
1849 1587 1898 1636 [4,
1930 1586 1968 1633 2,
2001 1587 2065 1637 91]
2097 1585 2162 1636 (cf.
2185 1586 2223 1634 2,

429 1663 481 1702 34
505 1663 554 1713 [4,
580 1660 643 1706 12,
667 1660 750 1710 65])
780 1660 998 1710 Augustum
1030 1657 1260 1696 adseverans
1292 1656 1340 1695 ob
1371 1657 1469 1695 facta
1499 1656 1666 1707 ingentia
1696 1662 1867 1695 creatum
1892 1668 1976 1694 esse
1997 1655 2224 1694 dictatorem

427 1735 681 1782 perpetuum,
718 1733 756 1766 et
786 1739 874 1766 cum
906 1725 1019 1765 Floro
1050 1732 1184 1765 auctor
1215 1725 1260 1764 de
1292 1724 1383 1763 viris
1414 1724 1464 1763 ill.
1500 1725 1564 1772 79,
1596 1726 1634 1764 4.
1695 1725 1758 1763 Bis
1791 1724 2018 1763 dictaturam
2051 1723 2225 1774 Augusto

430 1798 595 1837 oblatam
628 1808 711 1835 esse
742 1795 915 1847 primum
946 1794 1107 1841 absenti,
1140 1794 1275 1832 deinde
1306 1793 1500 1846 praesenti
1531 1807 1577 1833 ex
1608 1794 1688 1833 solo
1718 1793 1843 1833 indice
1874 1792 2121 1843 intellegitur,
2151 1791 2227 1831 nisi

430 1866 533 1918 quod
570 1864 777 1918 pertinacia
814 1863 946 1915 populi
978 1864 1078 1915 apud
1108 1863 1293 1902 Velleium
1326 1862 1460 1902 eodem
1494 1863 1627 1902 tendit.
1688 1862 1858 1913 Utraque
1888 1860 2029 1900 oblatio
2060 1873 2147 1899 cum
2180 1860 2226 1899 ad

433 1934 597 1975 eundem
630 1945 775 1973 annum
806 1933 1015 1979 referatur,
1047 1931 1254 1970 verisimile
1286 1936 1346 1969 est
1375 1943 1472 1982 quae
1503 1930 1572 1969 Dio
1603 1937 1734 1970 narrat
1764 1931 1810 1969 de
1842 1935 1977 1969 senatu
2009 1928 2048 1968 in
2079 1928 2225 1968 curiam

431 2004 580 2050 clauso,
625 2001 809 2041 accidisse
852 2001 1012 2040 Caesare
1058 2007 1165 2040 extra
1200 2000 1356 2045 urbem,
1403 2006 1494 2051 puta
1538 1999 1577 2038 in
1616 1998 1834 2051 Campania,
1867 2003 2042 2037 morante
2086 1997 2228 2049 (neque

434 2071 615 2111 credibile
646 2076 704 2109 est
742 2069 933 2109 eiusmodi
975 2069 1106 2108 turbas
1143 2068 1226 2107 fieri
1264 2067 1437 2120 potuisse
1468 2067 1552 2119 ipso
1582 2067 1861 2120 inspectante),
1900 2066 2036 2105 deinde
2067 2078 2156 2105 eum
2187 2065 2228 2104 in

433 2140 567 2179 urbem
610 2151 807 2178 reversum
849 2138 1077 2177 dictaturam
1115 2150 1332 2183 recusasse,
1370 2137 1557 2188 populum
1596 2143 1724 2175 autem
1756 2136 1898 2175 iterum
1930 2134 2122 2187 praesenti
2151 2134 2228 2173 iam

431 2211 555 2248 fasces
597 2213 781 2259 quattuor
818 2213 856 2245 et
892 2206 1027 2258 viginti
1066 2206 1263 2245 obtulisse.
1349 2205 1541 2256 Populum
1579 2217 1648 2244 cur
1686 2211 1773 2244 ante
1817 2210 1994 2244 senatum
2032 2203 2228 2254 Augustus

437 2277 624 2322 nominet,
656 2275 825 2314 narratio
855 2275 988 2314 Dionis
1020 2275 1195 2327 explicat,
1227 2280 1264 2313 et
1294 2280 1398 2313 recte
1420 2273 1606 2325 Bergkius
1638 2273 1803 2313 eundem
1836 2272 2009 2312 ordinem
2043 2271 2157 2310 etiam
2188 2271 2228 2310 in

433 2344 578 2384 Latinis
620 2343 820 2395 flagitavit.
864 2344 962 2382 male
1001 2356 1090 2383 vero
1127 2343 1264 2382 collato
1301 2343 1384 2382 loco
1418 2342 1454 2389 2,
1489 2343 1507 2380 1
1542 2342 1605 2381 hic
1634 2341 1749 2381 scribi
1786 2341 1919 2380 iussit:
1964 2343 2068 2379 iussu
2101 2340 2234 2391 populi

433 2422 467 2453 et
495 2419 658 2453 senatus.

465 2632 549 2657 LAT.
578 2620 611 2666 1,
634 2630 667 2657 32
690 2629 724 2657 33
764 2617 859 2668 [Non
889 2618 1062 2655 recusavi
1089 2618 1129 2655 in
1158 2629 1305 2655 summa
1331 2613 1336 2668 Ι
1362 2616 1551 2667 frumenti
1574 2615 1766 2666 p]enuri[a
1798 2614 2073 2665 c]uratio[ue]m
2097 2614 2232 2664 διηπο-

687 2699 719 2726 34
758 2698 842 2730 uae,
875 2685 999 2737 qu]am
1031 2684 1081 2723 ita
1110 2684 1402 2734 administravi,
1441 2690 1479 2722 ul
1512 2713 1633 2721 .....
1676 2682 1681 2736 Ι
1708 2686 1836 2735 paucis
1873 2683 2014 2733 diebu]s
2053 2687 2159 2722 metu
2193 2688 2233 2721 et

689 2768 720 2794 :³5
758 2754 939 2806 per[z']c[lo
971 2766 1041 2805 quo
1071 2760 1151 2792 erat
1168 2753 1367 2804 populu]1n
1391 2752 1620 2802 univ[ersum
1643 2755 1731 2792 meis
1752 2749 1938 2803 2'mpen[sz's
1961 2752 2187 2801 lz'beraremJ.
2209 2753 2232 2799 ξ

523 2837 581 2863 GR.
605 2824 642 2871 3,
667 2837 682 2863 5
702 2838 718 2862 e
764 2820 824 2861 Οὗ
865 2819 1180 2876 παρητησάμην
1212 2821 1299 2872 (sic)
1337 2820 1381 2861 ἐν
1421 2822 1472 2877 τῇ
1513 2822 1691 2873 μεγίστῃ
1721 2818 1724 2873 1
1754 2820 1854 2870 [τοῦ]
1893 2820 2043 2870 σ[ίτ]ου
2075 2814 2234 2859 σπάνει

701 2904 716 2930 τ
757 2889 833 2944 τήν
865 2889 1123 2943 ἐπιμέλειαν
1154 2889 1225 2942 τῆς
1256 2886 1430 2941 ἀγορᾶς,
1462 2885 1512 2941 ἢν
1543 2884 1702 2938 οιἭτως
1729 2886 2021 2941 ἐπετήδευ]σα,
2055 2884 2157 2926 ὤστ’
2187 2885 2234 2927 ἓν

702 2970 719 2998 8
761 2954 930 3007 ὀλίγαις
972 2954 1162 3011 ἡμέρα[ις
1202 2957 1291 3007 vohi
1328 2952 1543 3010 παρόντος
1571 2955 1576 3008 Ι
1603 2953 1745 3010 φόβου
1777 2956 1849 2995 καὶ
1881 2953 2108 3006 κι[νδ]ύνου
2138 2961 2233 3001 ταῖς

705 3040 719 3065 9
761 3025 888 3079 ἐμαῖς
919 3024 1138 3073 δαπάναις
1170 3020 1246 3066 τὸν
1277 3024 1414 3079 δῆμον
1441 3023 1446 3079 Ι
1473 3022 1808 3079 ἐλευθερῶσα[ι].
