2430 3394
436 134 456 174 1
464 134 519 174 94
988 129 1148 164 ORTHO
1155 128 1370 164 GRAPHIA
1395 128 1683 164 LATINORVM

432 250 623 288 leontinum
654 249 773 289 millia
802 261 997 300 nunquam
1027 252 1153 288 mimis
1183 251 1453 300 quinquaqinta
1478 254 1510 287 et
1541 248 1711 293 ducenta,
1743 247 1847 287 color
1876 248 2059 287 orationis
2090 259 2232 287 nume-

433 330 567 356 rorum
609 317 818 368 legitimam
862 317 1143 356 ordinationem
1184 317 1355 367 paullum
1396 315 1572 354 mutavit.
1631 315 1714 354 Duo
1745 315 1826 363 alii,
1862 317 2010 365 [viciens
2039 318 2164 367 selmel
2194 324 2234 358 et

437 387 800 437 septuaqensubnum
831 386 1005 434 semum,
1039 385 1103 423 ubi
1135 390 1267 423 utrum
1300 385 1436 436 copula
1468 384 1584 422 fuerit
1604 395 1738 431 necne,
1768 396 1906 435 parum
1927 392 2096 436 apparet,
2128 385 2233 424 ordi-

432 466 522 492 nem
569 460 727 506 apparet
763 454 911 504 neglegi
947 459 1143 504 praeterea
1181 459 1404 491 constanter
1440 458 1655 499 servatum,
1696 454 1857 491 fortasse
1893 452 1983 492 inde
2019 453 2234 505 explicandi

433 528 541 569 sunt,
581 523 682 573 quod
724 535 811 561 cum
852 529 1060 572 utrumque
1100 527 1235 572 caput,
1275 527 1318 560 ut
1347 521 1441 560 item
1474 520 1633 559 tertium
1665 521 1711 559 de
1741 534 1860 560 censu
1892 521 2005 560 tertio
2035 528 2074 561 et
2102 522 2231 573 ipsum

433 591 720 641 quodammodo
759 604 779 629 a
817 589 1016 629 communi
1046 590 1128 639 lege
1160 589 1355 636 recedens,
1388 589 1432 628 ad
1455 588 1619 640 Augusti
1649 602 1794 628 annum
1827 598 2043 629 extremum
2073 596 2232 642 spectet,

433 659 526 698 haec
556 659 683 698 addita
715 660 791 698 sint
822 671 979 697 necesse
1011 663 1069 696 est
1100 664 1165 696 aut
1196 658 1242 696 ab
1273 658 1357 710 ipso
1390 658 1462 696 sub
1494 665 1658 697 mortem
1692 664 1769 704 aut,
1802 657 1839 695 id
1871 658 1973 708 quod
2007 658 2127 709 magis
2148 670 2233 697 cre—

434 727 611 774 diderim,
642 728 702 779 pia
734 726 1031 778 interpolatione
1063 732 1255 777 postuma.
1307 726 1402 765 Nam
1425 738 1556 764 rerum
1581 732 1776 777 gestarum
1795 725 2039 777 imperatoris
2062 726 2234 765 defuncti

433 795 737 834 commentarius
767 796 805 833 in
847 794 940 833 urbe
980 799 1018 832 et
1057 807 1125 844 per
1164 794 1381 845 provincias
1420 794 1645 845 imperfecte
1680 795 1845 846 proponi
1876 807 1954 833 non
1985 794 2130 840 debuit,
2161 794 2234 833 etsi

433 876 522 902 eum
563 864 742 915 princeps
781 863 951 901 moriens
982 862 1253 914 imperfectum
1286 862 1454 914 reliquit,
1487 875 1557 901 nec
1599 862 1715 901 taceri
1753 862 1799 900 de
1836 874 1955 901 censu
1992 861 2124 908 tertio,
2162 861 2234 901 etsi

432 931 603 983 primum
644 937 681 970 et
720 931 935 969 secundum
968 931 1093 969 solum
1126 932 1305 983 princeps
1336 931 1418 982 ipse
1450 937 1658 970 enarrarat.
1719 930 1863 969 Eodem
1896 942 1975 969 non
2007 930 2089 969 sine
2120 942 2234 969 causa

432 1002 644 1046 referetur,
691 1000 791 1050 quod
833 999 871 1037 in
904 999 964 1037 his
995 1007 1327 1051 septuagensumus
1357 1006 1416 1039 est
1446 1012 1514 1051 per
1544 1013 1569 1038 u
1598 999 1767 1038 litteram
1799 999 1846 1037 ab
1876 999 1960 1050 ipso
1990 998 2164 1049 Augusto
2193 998 2234 1037 in

433 1068 573 1106 talibus
614 1068 752 1106 formis
789 1074 1013 1107 constanter
1042 1067 1235 1106 evitatam.
1296 1068 1420 1115 Quam
1453 1068 1501 1106 ob
1533 1080 1614 1106 rem
1646 1067 1868 1113 videndum,
1900 1079 2029 1106 annon
2059 1079 2157 1118 quae
2186 1066 2233 1106 ad

433 1142 602 1174 extrema
632 1136 796 1187 Augusti
829 1142 1002 1188 tempora
1034 1142 1211 1187 spectant
1241 1149 1261 1174 a
1282 1136 1435 1175 Tiberio
1468 1136 1588 1187 magis
1619 1148 1735 1187 quain
1767 1135 1814 1174 ab
1844 1135 1928 1186 ipso
1950 1137 2121 1187 profecta
2142 1134 2231 1174 sint.

433 1204 598 1256 Copulae
635 1211 762 1243 autem
796 1218 890 1244 usus
921 1210 1132 1257 perpetuus
1163 1204 1383 1256 limpiditati
1414 1204 1605 1244 sermonis
1636 1203 1800 1255 Augusti
1831 1203 1988 1242 omnino
2018 1210 2131 1255 aptus
2161 1209 2232 1243 est.

563 1272 750 1311 Adverbia
780 1273 1003 1319 numeralia⁷
1036 1285 1133 1323 quae
1163 1272 1410 1311 iterationem
1442 1272 1672 1323 significant,
1704 1272 1885 1324 princeps
1916 1285 1994 1311 non
2024 1272 2064 1311 in
2086 1285 2128 1312 -ο
2149 1274 2230 1311 for-

433 1340 572 1386 mavit,
612 1341 678 1379 sed
708 1342 748 1380 in
781 1355 867 1381 -um
898 1342 1113 1380 secundum
1146 1354 1260 1380 usum
1293 1342 1414 1392 magis
1446 1341 1674 1393 probatum,
1714 1340 1886 1379 scribens
1917 1342 2070 1380 tertium
2102 1339 2234 1379 consul

437 1415 475 1448 et
505 1408 560 1447 sic
592 1409 784 1461 deinceps.

564 1477 672 1516 Addo
703 1479 910 1528 singularia
943 1478 1052 1517 haec:

620 1546 666 1585 ab
697 1558 777 1585 non
808 1547 1000 1598 reperitur
1031 1546 1105 1585 nisi
1136 1553 1223 1585 ante
1255 1546 1424 1585 vocalem
1457 1546 1516 1584 vel
1544 1546 1567 1584 Ιι
1597 1545 1779 1584 litteram.

618 1627 700 1653 cum
731 1627 802 1666 quo
832 1627 869 1653 ιν
891 1627 936 1662 50,
968 1627 1047 1653 non
1078 1626 1254 1666 quocum.

618 1694 667 1720 ex
697 1688 921 1721 constanter
951 1689 1174 1734 usurpatur,
1207 1694 1423 1733 numquam
1456 1694 1484 1720 e.

618 1749 733 1789 honos
762 1763 831 1802 per
861 1763 889 1789 s.

618 1819 805 1857 incohare.

616 1886 864 1933 Marcomani,
897 1898 976 1925 non
1006 1885 1281 1926 Marcomanni.

617 1953 807 1993 Messalla.

615 2022 738 2061 millia
770 2034 924 2074 semper
954 2021 1138 2061 scribitur
1168 2034 1237 2074 per
1268 2023 1281 2061 l
1311 2022 1463 2073 duplex,

609 2090 756 2141 paullo,
787 2102 866 2128 non
894 2090 1025 2141 paulo.

613 2158 796 2209 periclum
822 2158 883 2209 (ut
904 2157 1087 2208 videtur),
1119 2158 1308 2206 saeclarz'S,
1340 2159 1566 2210 spectaclum
1588 2157 1644 2209 (in
1666 2155 1837 2195 auctario
1860 2161 1919 2195 est
1940 2155 2226 2208 spectaculum).

610 2228 785 2277 pz'qnora,
818 2238 895 2264 non
922 2229 1094 2277 pulnere.

609 2293 735 2343 plebei
789 2293 940 2332 dativus
999 2293 1191 2345 reperitur
1248 2293 1327 2341 bis,
1380 2306 1469 2333 cum
1529 2294 1569 2333 in
1619 2292 1794 2343 genetivo
1860 2291 2053 2331 scribatur
2110 2290 2227 2342 plebis

673 2361 723 2411 (v.
757 2362 967 2401 Schneider
999 2361 1035 2408 2,
1059 2362 1170 2413 359).

613 2431 773 2480 quintus,
804 2442 882 2468 non
915 2432 1096 2481 quinctus.

612 2500 777 2543 sescenti,
807 2501 1023 2537 sescentiens
1053 2511 1121 2550 per
1151 2512 1179 2537 s.

612 2565 786 2603 valetudo
818 2578 887 2617 per
919 2579 948 2605 e.

989 2785 1036 2834 2.
1101 2787 1179 2834 De
1216 2787 1432 2835 versione
1471 2785 1668 2834 Graeca.

554 2902 804 2954 Metaphrasis
836 2904 999 2942 Graecae
1030 2905 1215 2955 originem
1242 2910 1447 2957 postquam
1470 2917 1586 2956 supra
1608 2917 1645 2955 p.
1667 2915 1705 2942 XI
1726 2902 1901 2950 indicavi,
1934 2902 2016 2941 eius
2038 2902 2219 2947 indolem,

422 2969 466 3007 de
498 2982 572 3020 qua
604 2983 718 3022 supra
749 2984 921 3022 lxxxxv-1
951 2972 992 3010 in
1023 2973 1247 3012 universum
1280 2973 1441 3024 exposui
1479 2984 1674 3024 quamque
1704 2971 1797 3010 item
1829 2976 2005 3010 accurate
2046 2968 2222 3009 tractavit

422 3037 513 3076 Otto
544 3038 761 3078 Hirschfeld
799 3053 836 3091 p.
869 3039 1128 3088 261—264‚
1175 3041 1321 3092 placuit
1363 3041 1437 3079 hoc
1482 3041 1566 3080 loco
1611 3040 1828 3092 expendere
1873 3038 2015 3091 duplici
2059 3037 2219 3082 ratione,
