2227 3452
914 164 983 207 111,
1009 164 1148 200 35-39
1871 166 1924 207 73

137 309 247 344 rum;
277 296 315 335 in
347 309 423 348 quo
454 308 618 336 numero
648 295 816 348 legiones
846 295 1027 335 Varianae
1049 307 1184 334 omnes
1214 295 1385 333 fuerunt.
1434 293 1567 345 Neque
1599 301 1792 346 postrema
1813 308 1926 335 eausa

136 365 253 406 eladis
282 364 466 404 Varianae
496 365 590 405 haec
619 364 692 404 fuit
721 365 934 404 Germanos
963 376 1046 403 rem
1076 363 1256 402 habuisse
1287 375 1377 401 cum
1408 362 1579 401 exercitu
1612 363 1782 402 tironum
1796 364 1839 415 1).

268 433 330 472 III.
375 433 480 472 Inter
519 433 699 485 legiones,
740 445 837 483 quae
874 431 1257 483 comprehenduntur
1294 430 1469 470 numeris
1507 443 1527 469 a
1566 430 1692 482 primo
1738 432 1783 470 ad
1830 433 1928 471 duo-

137 502 343 548 decimum,
381 502 647 553 reperiuntur,
688 508 731 541 ut
761 500 857 546 (lixi,
897 511 1232 551 quarumcumque
1267 498 1454 538 memoria
1494 505 1671 550 superest
1708 512 1809 539 anno
1848 501 1927 540 759

136 570 343 622 antiquior.
412 570 566 610 Scilicet
604 583 701 621 quae
738 569 906 621 legiones
944 568 1127 607 vocabula
1169 568 1472 620 adsumpserunt
1509 580 1529 606 a
1571 567 1686 607 rebus
1719 575 1808 608 ante
1839 581 1928 608 eum

135 651 280 678 annum
302 638 419 689 gestis
442 639 567 685 ducta,
599 639 763 678 maxime
786 637 1060 683 Macedonicae,
1082 636 1174 676 item
1196 636 1224 674 F
1228 636 1402 683 retensis,
1427 638 1588 675 fortasse
1610 637 1723 676 etiam
1748 636 1928 689 Hispana,

134 707 309 747 numeris
346 707 420 746 illis
462 707 677 746 minoribus
717 705 1111 759 comprehenduntur.
1178 705 1274 744 Item
1315 705 1354 743 in
1392 717 1436 743 eo
1475 717 1640 743 numero
1678 705 1931 745 inveniuntur

134 788 401 828 quaecumque
431 775 684 815 nominantur
712 776 753 814 in
780 775 954 814 nummis
976 774 1213 814 coloniarum
1235 774 1281 814 ab
1302 774 1476 826 Augusto
1498 774 1748 813 deductarum
1774 774 1930 825 signatis

135 845 350 896 imperante
381 856 438 890 e0,
471 856 568 895 quae
599 850 690 883 sunt
721 843 831 883 tertia
861 843 992 883 neseio
1023 856 1119 894 quae
1151 856 1196 882 ex
1228 843 1351 882 tribus
1382 843 1422 881 in
1452 843 1624 882 nummis
1645 842 1930 890 Accitanorum,

135 919 270 964 quarta
301 912 340 951 in
372 912 746 964 Caesaraugustanis,
778 912 913 964 quinta
943 911 1185 951 Macedonica
1215 912 1255 950 in
1277 911 1563 964 Berytensibus,
1595 911 1743 963 quinta,
1775 911 1931 951 alaudae

136 981 284 1033 opinor,
316 980 356 1019 in
387 980 695 1021 Emeritensibus
727 988 765 1021 et
792 980 1120 1027 Cordubensibus,
1160 988 1356 1020 sextarum
1395 981 1511 1020 altera
1553 986 1638 1020 utra
1668 980 1708 1019 in
1739 980 1932 1020 Ruscino—

134 1049 321 1089 nensibus
353 1055 391 1088 et
413 1048 789 1101 Caesaraugustanis,
821 1056 952 1089 octava
982 1049 1022 1088 in
1044 1049 1330 1102 Berytensihus,
1363 1050 1598 1090 decimarum
1631 1049 1748 1089 altera
1779 1055 1865 1089 utra
1892 1049 1931 1088 in

268 1213 294 1255 ¹)
326 1212 413 1244 Haec
439 1222 520 1254 quae
548 1212 707 1254 proposui
742 1213 806 1244 etsi
833 1213 1102 1245 coniecturarum
1127 1213 1289 1245 terminos
1316 1223 1379 1244 non
1407 1213 1568 1245 excedere
1597 1213 1696 1254 probe
1722 1213 1812 1253 scio,
1839 1212 1932 1245 nullo

136 1270 230 1302 modo
257 1269 423 1301 infirmata
448 1273 526 1300 sunt
552 1269 594 1301 iis
621 1279 703 1310 quae
728 1274 847 1301 contra
874 1280 912 1302 ea
938 1270 1080 1312 protulit
1112 1270 1252 1302 Carolus
1278 1269 1403 1302 Robert
1428 1280 1489 1301 sm·
1513 1269 1558 1301 les
1584 1269 1710 1311 leg-imm
1738 1269 1933 1312 (I'Auguste

136 1327 304 1371 (Comptes
328 1325 451 1359 roudus
475 1325 513 1357 (le
537 1326 746 1358 ΓΑοαᾱέιηὶο
773 1327 829 1359 (les
854 1329 1065 1370 inscriptions
1082 1328 1101 1359 4
1121 1338 1149 1359 a.
1173 1328 1257 1360 1365
1276 1338 1304 1370 p.
1323 1327 1504 1367 ,Ἧι-ΗΠ).
1554 1327 1638 1358 Belli
1656 1326 1791 1370 Illyrici
1817 1327 1933 1368 gravi—

135 1389 239 1417 tatem
263 1395 334 1417 cum
360 1384 496 1416 elevare
521 1389 674 1424 conatur,
701 1394 763 1415 non
790 1385 898 1416 solum
924 1395 1006 1426 quae
1033 1385 1072 1416 dc
1092 1385 1189 1416 rebus
1207 1385 1311 1424 gestis
1325 1385 1451 1416 tradita
1468 1384 1624 1416 habemus
1643 1385 1858 1417 considerare
1876 1385 1932 1417 de-

135 1441 220 1482 buit,
245 1442 302 1474 sed
328 1441 406 1473 item
432 1442 516 1483 quod
543 1446 680 1483 propter
699 1441 731 1472 id
751 1441 873 1473 bellum
894 1440 1093 1473 Germaniae
1111 1442 1143 1473 in
1165 1442 1358 1484 provinciae
1378 1441 1516 1473 formam
1535 1442 1735 1482 redigendae
1755 1442 1933 1475 eonsilium

136 1500 307 1541 Augustus
339 1498 464 1531 abiecit
496 1508 556 1530 nee
582 1498 621 1529 ad
648 1498 679 1530 id
706 1509 898 1540 quamquam
925 1499 1035 1530 victor
1062 1500 1175 1539 rediit,
1212 1503 1246 1531 et
1271 1499 1356 1541 quod
1383 1499 1510 1531 nullum
1543 1499 1647 1531 totius
1687 1499 1779 1532 illius
1810 1499 1934 1531 aetatis

135 1555 259 1588 bellum
284 1560 412 1588 tantum
448 1561 614 1588 terrorem
642 1557 822 1589 universae
848 1556 966 1588 ltaliae
993 1557 1126 1597 iniecit,
1155 1567 1216 1599 qua
1242 1557 1281 1588 de
1308 1567 1345 1588 re
1370 1567 1451 1599 quae
1478 1557 1665 1599 accepimus
1692 1557 1934 1588 dubitationem

138 1613 261 1645 nullam
286 1613 476 1646 admittunt.
519 1612 602 1645 Nam
629 1614 808 1646 dilectuum
834 1615 918 1646 ratio
945 1614 985 1645 ab
1019 1615 1090 1656 ipsa
1122 1614 1202 1645 belli
1234 1614 1269 1646 vi
1298 1614 1405 1646 minus
1435 1614 1555 1656 pendet
1583 1625 1676 1656 quam
1707 1625 1724 1646 a
1755 1613 1932 1646 formidine

136 1670 242 1703 subiti
274 1671 446 1703 tumultus.
495 1670 651 1703 Ceterum
677 1672 849 1712 Augustus
874 1669 1019 1704 fortasse
1045 1682 1108 1703 non
1135 1676 1201 1703 tam
1229 1676 1365 1714 propter
1391 1671 1595 1703 rebellantes
1622 1671 1811 1704 Pannonios
1837 1682 1934 1704 exer-

137 1727 237 1760 citum
269 1728 366 1760 auxit
399 1739 491 1770 quam
518 1739 555 1761 ea
581 1729 770 1761 rebellione
796 1739 875 1761 usus
903 1733 972 1769 est,
1006 1734 1042 1761 ut
1067 1729 1233 1769 ingratam
1259 1739 1327 1761 rem
1353 1728 1480 1761 italicis
1504 1729 1692 1761 hominibus
1720 1728 1876 1771 probaret
1902 1733 1935 1760 et

136 1784 279 1817 consilia
298 1784 375 1816 olim
396 1790 512 1827 coepta
530 1790 693 1827 tamquam
712 1786 916 1818 necessitate
935 1792 1070 1818 coactus
1089 1791 1324 1828 exequeretur.
1366 1785 1474 1818 Multo
1492 1787 1601 1818 miuus
1622 1786 1756 1828 probari
1775 1790 1934 1828 poterunt

137 1841 479 1884 argumenta,'quibus
494 1842 660 1875 Robertus
681 1842 813 1875 efficere
834 1843 963 1874 studuit
980 1843 1146 1884 legionum
1166 1853 1336 1875 numerum
1355 1843 1547 1875 duodecimo
1567 1844 1726 1876 maiorem
1742 1843 1933 1876 habentium

137 1900 293 1942 quasdam
318 1904 394 1932 ante
422 1900 543 1932 bellum
568 1899 741 1942 Illyricum
767 1901 1030 1932 commemorari.
1067 1900 1150 1932 Nam
1177 1906 1346 1943 postquam
1372 1901 1466 1932 tituli
1485 1900 1666 1933 patrenses
1692 1901 1787 1933 nobis
1811 1900 1936 1933 milites

138 1957 301 1990 dederunt
326 1961 391 1988 tam
418 1967 435 1988 x
461 1957 606 1998 legionis
632 1968 724 1999 quam
752 1967 803 1996 xu,
833 1957 889 1988 vix
917 1957 1109 1990 invenietur
1135 1958 1188 1999 qui
1209 1962 1304 1988 notas
1324 1958 1512 1989 numerales
1532 1968 1551 1988 x
1570 1968 1614 1989 ,511
1640 1958 1674 1989 in
1693 1958 1765 1990 eius
1783 1958 1937 1990 coloniae

139 2013 279 2045 nummis
312 2014 352 2045 ad
384 2014 527 2056 aquilam
560 2014 781 2055 legionariam
814 2015 1003 2056 adscriptas
1037 2014 1074 2046 de
1102 2015 1233 2055 legione
1260 2014 1422 2054 vigesima
1448 2016 1592 2046 secunda
1617 2015 1773 2057 accipiat.
1822 2015 1936 2057 Neque

139 2076 333 2114 propterea,
370 2072 454 2113 quod
488 2071 575 2113 legio
608 2082 644 2103 xx
676 2072 709 2103 in
736 2071 872 2114 illyrico
899 2082 927 2103 a.
955 2072 1018 2102 759
1044 2070 1181 2103 fortiter
1206 2072 1378 2114 pugnavit,
1405 2082 1468 2103 non
1495 2072 1604 2114 potuit
1629 2071 1797 2104 conscribi
1822 2072 1937 2104 eodem

139 2139 242 2169 ann03
269 2129 370 2161 etiam
395 2129 433 2160 ad
461 2129 649 2161 Betriacum
675 2129 762 2168 legio
788 2129 935 2160 tironum
962 2128 1070 2160 ‘ferox
1096 2133 1129 2160 et
1155 2129 1234 2161 novi
1260 2128 1392 2161 decoris
1419 2128 1526 2161 avida’
1553 2133 1745 2161 veteranam
1764 2129 1936 2171 splendide

139 2185 283 2226 devicit,
314 2185 506 2228 similiaque
532 2186 654 2228 passim
678 2190 915 2218 memorantur.
964 2186 1033 2218 Nec
1067 2196 1182 2218 verum
1216 2191 1267 2218 est
1299 2184 1380 2218 felix
1411 2187 1473 2218 hoc
1505 2186 1667 2228 proelium
1693 2186 1733 2217 ad
1759 2186 1832 2228 ipsa
1856 2185 1937 2218 belli

140 2243 277 2275 exordia
309 2244 531 2285 pertinuisse,
565 2254 635 2275 cum
668 2248 755 2275 teste
782 2243 887 2275 Dione
915 2244 967 2285 55,
994 2244 1034 2275 30
1060 2244 1263 2275 Messalinus
1296 2244 1436 2286 primum
1462 2254 1479 2275 a
1506 2243 1628 2275 Batone
1655 2243 1765 2275 vietus
1791 2243 1936 2275 secundo

140 2301 269 2344 proelio
295 2301 449 2343 superior
475 2302 618 2342 abierit3
644 2311 738 2343 quam
765 2301 804 2332 ob
830 2310 898 2332 rem
926 2300 991 2333 etsi
1009 2301 1140 2333 Velleio
1160 2301 1333 2332 credemus
1351 2302 1458 2344 prima
1478 2301 1560 2333 belli
1579 2305 1708 2333 aestate
1729 2300 1937 2333 commissum

140 2368 226 2397 esse,
251 2357 362 2391 subita
388 2358 530 2391 rebellio
556 2369 649 2401 quam
676 2359 754 2390 item
781 2363 943 2390 memorat
967 2364 1026 2391 aut
1050 2359 1090 2390 ad
1116 2357 1246 2390 fucatos
1272 2358 1460 2390 adulatoris
1487 2358 1620 2390 colores
1648 2359 1797 2401 pertinet
1814 2363 1872 2390 aut
1890 2359 1938 2390 in-

141 2416 333 2458 tellegenda
364 2421 416 2449 est
445 2417 483 2448 de
512 2417 645 2449 vicibus
681 2416 763 2449 belli
789 2416 1033 2459 posterioribus
1058 2416 1267 2449 renascentis
1293 2420 1369 2458 post
1395 2416 1519 2457 quietis
1545 2416 1774 2448 intervallum.
1822 2414 1938 2458 Itaque

143 2474 226 2506 nihil
245 2474 365 2515 obstat,
393 2474 564 2517 quominus
595 2474 678 2506 hane
713 2474 876 2515 legionem
908 2479 1094 2507 statuamus
1127 2484 1165 2506 eo
1199 2475 1271 2516 ipso
1298 2483 1381 2505 anno
1409 2473 1441 2504 in
1466 2472 1566 2505 Italia
1593 2472 1815 2516 conscriptam
1841 2473 1939 2505 semi-

141 2531 269 2574 plenam
308 2532 480 2563 etiamtum
512 2530 571 2563 sub
604 2530 788 2563 Messalino
814 2541 974 2574 prospere
1011 2532 1045 2563 in
1070 2531 1209 2574 illyrico
1235 2540 1410 2572 pugnasse.
1433 2549 1475 2553 —
1505 2530 1684 2571 Legionem
1717 2530 1835 2562 deinde
1868 2541 1938 2562 xuu

141 2588 303 2629 geminam
328 2587 483 2620 Martiam
508 2588 685 2620 victricem
711 2593 789 2620 ante
807 2587 988 2621 Robertum
1014 2599 1107 2621 nemo
1135 2588 1253 2630 opinor
1278 2589 1436 2620 inventus
1464 2592 1515 2619 est
1541 2588 1594 2630 qui
1621 2586 1841 2620 confunderet
1866 2598 1938 2619 eum

141 2645 272 2686 legione
297 2645 422 2678 Martia
447 2646 537 2677 dicta
563 2655 698 2677 numero
725 2650 861 2677 carente
888 2646 1010 2678 aetatis
1029 2644 1280 2685 Ciceronianae,
1307 2655 1379 2676 cum
1404 2645 1601 2687 praesertim
1625 2645 1847 2687 antiquissimi
1866 2645 1938 2687 qui-

142 2713 204 2745 que
221 2703 314 2735 illius
332 2703 424 2734 tituli
447 2707 514 2734 tam
534 2701 719 2734 Britannici
738 2712 831 2743 quam
852 2701 1041 2734 Germanici
1059 2702 1261 2744 (composuit
1278 2712 1334 2734 eos
1353 2702 1453 2734 Stille
1471 2702 1549 2734 hist.
1570 2703 1734 2743 legionum
1752 2713 1780 2745 p.
1798 2702 1840 2734 94
1853 2703 1938 2745 seq.)

143 2760 216 2792 solo
241 2760 392 2799 geminae
420 2758 582 2791 vocabulo
609 2763 746 2790 utantur
773 2769 877 2800 neque
904 2759 1047 2791 Martiae
1073 2769 1252 2799 cognomen
1270 2759 1376 2791 adhuc
1395 2759 1567 2790 inventum
1586 2760 1630 2791 sit
1647 2764 1724 2791 ante
1745 2770 1773 2791 a.
1793 2771 1821 2802 p.
1843 2759 1877 2791 C.
1896 2760 1938 2792 66

144 2817 291 2857 (Henzen
317 2817 418 2856 6767)
443 2816 642 2849 attributum
668 2815 813 2848 sortasse
833 2816 864 2848 ei
882 2822 1019 2858 propter
1037 2816 1215 2847 victoriam
1234 2815 1460 2848 Britannicam
1479 2827 1507 2847 a.
1528 2816 1581 2848 (32.
1604 2835 1647 2839 —
1672 2817 1818 2859 Denique
1835 2817 1939 2857 gemi-

143 2884 201 2906 nas
218 2874 369 2915 legiones
387 2873 470 2916 quod
488 2873 536 2905 ait
555 2872 720 2905 Robertus
737 2871 792 2914 (cf.
815 2874 995 2905 Brambach
1014 2873 1048 2905 C.
1069 2872 1088 2905 l.
1110 2873 1168 2904 uh.
1187 2872 1288 2915 praef.
1308 2884 1336 2916 p.
1355 2883 1380 2908 x
1397 2874 1484 2912 adn.)
1504 2873 1663 2905 eiusmodi
1681 2873 1809 2906 dilectu
1827 2874 1939 2906 nullas

144 2931 277 2963 institui
302 2931 449 2973 potuisse
475 2934 589 2973 utpote
615 2930 664 2962 sie
689 2929 873 2971 appellatas
898 2935 1061 2972 tamquam
1088 2940 1129 2962 ex
1153 2930 1243 2962 binis
1269 2929 1387 2971 factas,
1413 2941 1494 2973 quae
1521 2930 1675 2962 vocabuli
1701 2931 1937 2974 interpretatio

145 2988 225 3021 alibi
250 2988 358 3020 locum
383 2987 484 3020 habet
509 2987 644 3026 (Caesar
669 2988 699 3019 b.
724 2999 751 3020 c.
779 2987 810 3028 3,
828 2988 865 3028 43
891 2988 952 3020 Dio
980 2988 1031 3029 55,
1051 2987 1126 3028 23),
1157 2992 1265 3020 tamen
1303 2988 1451 3029 geminas
1485 2989 1566 3019 duas
1597 2999 1649 3020 xiu
1681 2993 1715 3020 et
1748 2998 1815 3020 xun
1840 2989 1938 3029 longe

146 3045 354 3087 probabilius
385 3049 437 3077 est
461 3054 577 3077 nomen
603 3044 678 3075 inde
703 3045 871 3084 traxisse,
909 3045 993 3086 quod
1030 3045 1128 3076 simul
1161 3049 1257 3076 natae
1290 3049 1325 3076 et
1358 3044 1520 3077 formatae
1545 3049 1642 3085 sunt3
1679 3050 1816 3088 propter
1853 3046 1939 3088 quod

146 3111 201 3134 eas
226 3113 290 3134 non
314 3102 422 3134 minus
447 3106 540 3134 recte
565 3102 711 3142 geminas
735 3102 899 3145 appellari
925 3102 1072 3144 potuisse
1098 3112 1190 3134 nemo
1219 3102 1337 3144 opinor
1362 3102 1506 3143 negabit.
