2227 3452
922 128 951 169 Ι,
977 127 1114 162 32-35
1855 130 1908 171 25

132 250 272 290 Graeca
313 250 359 288 ad
397 248 627 288 sententiam
667 248 859 300 expedivit
888 247 1164 293 Kirchboffius,
1206 246 1318 285 verba
1355 253 1456 285 recte
1495 248 1683 287 ordinavit
1712 248 1910 300 Bergkius‚

129 318 194 370 qui
225 331 321 370 quae
352 318 565 370 proposuit,
596 317 671 356 iam
702 317 825 369 lapide
856 316 1144 355 confirmantur.
1195 315 1237 354 In
1271 314 1415 354 Latinis
1447 329 1599 367 quoque
1629 319 1793 356 formam
1825 330 1911 357 ora-

129 387 243 425 tionis
281 386 373 425 satis
404 386 610 425 adsecutus
641 392 720 433 est,
752 397 985 437 quamquam
1017 385 1201 436 quaedam
1235 383 1347 422 verba
1378 384 1424 422 ad
1454 384 1579 435 ipsum
1614 393 1910 425 monumentum

129 455 311 493 mutanda
348 456 518 493 fuerunt.
550 478 603 482 ——
635 453 686 493 33
719 454 783 492 fin.
816 460 903 504 post
932 466 994 491 AD
1025 452 1291 491 desiderantur
1321 452 1467 490 litterae
1499 466 1529 490 c.
1552 465 1639 499 xvn,
1671 465 1740 504 pro
1771 454 1910 504 quibus

127 536 203 562 non
243 524 439 575 suppletae
479 529 569 562 sunt
599 523 672 562 nisi
703 535 768 561 ΧΗ.
803 546 851 548 ew
885 521 937 560 34
968 521 1070 559 inter
1102 519 1236 560 rensc
1268 527 1305 559 et
1336 534 1489 559 MVNIV
1520 534 1608 559 cum
1641 522 1818 561 deficiant
1847 524 1911 562 lit-

130 599 230 632 terae
261 605 293 631 c.
314 605 387 638 Χιν,
420 592 731 644 supplementum
760 590 942 642 perz’c[ulo
967 592 1160 641 praesenti
1182 589 1375 641 populique
1406 589 1634 628 mutandum
1668 590 1750 628 fuit.

261 659 372 707 Quod
409 660 461 699 ait
492 661 688 712 Augustus
726 660 932 698 divisiones
970 670 1201 697 enumerans
1234 657 1270 704 3,
1306 658 1374 697 10:
1422 658 1550 698 consul
1580 658 1833 705 undecimum,
1876 659 1914 698 id

128 735 187 769 est
217 741 318 768 anno
342 729 434 776 731,
469 730 659 768 duodecim
688 729 997 780 frumentationes
1025 727 1216 778 frumento
1244 729 1420 779 privatim
1446 734 1606 779 coempto
1629 740 1797 767 emensus
1817 740 1912 773 sum,

129 804 166 837 et
195 799 297 850 quod
328 799 390 838 hic
421 798 553 837 scribit
584 797 815 848 significatve
846 809 877 835 a.
903 795 981 835 732
1013 796 1207 847 repudiata
1237 796 1422 834 dictatura
1444 796 1660 848 suscepisse
1681 809 1720 835 se
1742 808 1915 835 annonae

129 867 366 906 curationem
412 873 449 906 et
490 866 536 905 ab
573 879 616 905 eo
654 873 824 917 tempore
871 864 950 903 suis
995 864 1214 916 sumptibus
1258 865 1579 903 frumentationes
1616 865 1788 916 publicas
1826 877 1913 904 ero-

129 948 237 986 gasse
277 935 515 974 adsentiente
546 933 664 972 Dione
700 934 782 972 loco
821 934 934 972 modo
972 933 1103 978 citato,
1147 946 1208 971 res
1246 939 1288 972 ut
1320 940 1419 972 recte
1451 934 1692 985 intellegatur
1723 933 1914 983 iungenda

131 1010 233 1043 sunt.
293 1003 482 1042 Differunt
518 1004 619 1041 enim
658 1015 753 1053 quae
790 1003 839 1041 ita
873 1004 1066 1053 Augustus
1098 1002 1267 1053 suscepit
1297 1015 1359 1048 eo,
1392 1002 1493 1053 quod
1524 1015 1556 1041 a.
1590 1002 1665 1041 731
1699 1004 1915 1041 frumenta-

131 1074 253 1112 tiones
290 1073 373 1112 iure
411 1072 455 1111 ad
492 1072 681 1111 aerarium
715 1071 937 1123 spectabant
968 1078 1005 1110 et
1037 1071 1281 1122 magistratus
1313 1071 1544 1113 ordinarios,
1577 1071 1754 1123 princeps
1785 1077 1914 1110 autem

131 1154 224 1181 usus
269 1154 314 1180 ex
355 1141 414 1179 his
452 1140 678 1192 praesertim
718 1140 933 1178 ministerio
965 1139 1020 1177 Ti.
1052 1139 1215 1178 Neronis
1252 1152 1296 1178 eo
1333 1152 1433 1178 anno
1473 1140 1686 1191 quaestoris
1727 1140 1915 1179 Ostiensis

130 1209 312 1261 (Velleius
344 1209 387 1254 2,
428 1209 498 1247 94:
545 1208 596 1247 Ti.
632 1208 814 1247 Claudius
857 1208 952 1246 Nero
1090 1216 1263 1259 quaestor
1404 1212 1608 1248 maximam
1653 1208 1916 1260 difficultatem

129 1290 303 1317 annonae
334 1290 378 1316 ac
406 1280 466 1316 rei
492 1278 770 1328 srmtiencarz'ae
801 1279 966 1327 inopiam
989 1276 1112 1315 Ostiae
1142 1283 1249 1327 atque
1269 1280 1308 1315 in
1330 1278 1420 1316 ¹urbe
1441 1278 1628 1316 mandatis
1648 1281 1772 1317 vitrici
1790 1278 1915 1322 mode-

126 1354 234 1386 ratus
263 1354 331 1392 est,
363 1347 408 1384 cf.
443 1346 650 1385 Suetonius
682 1345 764 1383 Tib.
798 1344 820 1383 8
858 1351 896 1383 et
925 1343 1153 1384 Stant-<recht
1180 1344 1216 1389 2,
1241 1346 1335 1393 557)
1369 1352 1547 1398 sumptus
1570 1346 1606 1385 in
1632 1359 1670 1385 se
1692 1346 1846 1397 recepit,
1879 1351 1917 1385 at

128 1414 174 1454 ab
210 1427 242 1453 a.
273 1414 361 1454 inde
394 1413 473 1453 732
512 1414 626 1453 fiscus
662 1414 699 1452 in
732 1413 858 1451 locum
897 1413 1030 1451 aerarii
1062 1413 1380 1452 frumentationes
1410 1414 1589 1464 erogavit.
1651 1413 1781 1465 Neque
1812 1415 1914 1453 enim

128 1483 421 1523 adsentiendum
461 1490 520 1522 est
552 1482 806 1521 Hirschfeldio
844 1481 1027 1520 statuenti
1060 1495 1094 1533 p.
1121 1481 1197 1519 130
1236 1482 1293 1532 agi
1332 1483 1404 1521 boc
1434 1483 1515 1521 loco
1548 1483 1592 1520 de
1624 1496 1712 1521 cura
1744 1495 1917 1521 annonae

126 1552 165 1591 in
204 1552 328 1591 solum
367 1564 512 1590 annum
553 1551 631 1590 732
669 1551 715 1589 ab
747 1552 919 1601 Augusto
950 1557 1139 1602 suscepta.
1191 1551 1266 1589 lam
1299 1551 1372 1589 hoc
1402 1557 1515 1602 caput
1546 1551 1610 1601 qui
1641 1550 1919 1602 comparaverit

127 1633 215 1661 cum
253 1634 297 1659 eo
328 1633 404 1671 quo
436 1620 562 1671 agitur
593 1620 638 1658 de
669 1619 893 1658 liberalitate
925 1632 955 1657 a.
981 1618 1056 1657 731
1091 1626 1129 1657 ct
1159 1625 1299 1669 quanta
1332 1620 1510 1670 gravitate
1539 1620 1734 1670 Augustus
1766 1619 1827 1658 hic
1857 1619 1918 1658 lo-

127 1696 268 1742 quatur
298 1689 532 1740 expenderit,
565 1701 640 1727 non
674 1688 826 1739 negabit
862 1688 972 1739 longe
1003 1688 1112 1727 aliam
1145 1701 1225 1726 rem
1249 1695 1286 1727 et
1307 1688 1428 1726 inulto
1463 1687 1617 1726 maioris
1650 1687 1836 1726 momenti
1857 1687 1919 1726 hic

129 1758 281 1797 tractari
312 1770 424 1809 quam
459 1757 607 1807 largitio
639 1759 738 1795 foret
769 1763 893 1795 certae
925 1757 1123 1795 cuiusdam
1158 1769 1344 1795 summae.
1397 1756 1515 1795 Multo
1548 1757 1666 1807 magis
1697 1756 1798 1807 quod
1822 1763 1918 1795 teste

127 1827 246 1866 Dione
278 1826 360 1878 (qui
392 1826 414 1864 l.
438 1839 468 1864 c.
501 1833 588 1877 post
611 1824 783 1871 ἐδέξατο
807 1825 860 1864 sic
882 1825 1022 1876 pergit:
1056 1827 1122 1863 καὶ
1149 1823 1341 1864 ἐκέλετσῐ-
1364 1823 1441 1864 δύο
1464 1822 1625 1876 ἄνδρας
1657 1855 1777 1863 .....
1810 1824 1919 1875 πρὸς

130 1894 203 1948 τήν
239 1895 314 1934 τοῦ
355 1895 477 1933 σίτου
518 1892 730 1946 διανομήν
769 1895 864 1932 καῖ’
905 1892 995 1940 ἔτος
1036 1891 1285 1944 αὶρὸῖσθαι)
1323 1894 1516 1932 adiutores
1547 1893 1585 1931 in
1617 1906 1658 1931 ea
1690 1906 1729 1931 re
1761 1906 1779 1931 a
1812 1893 1919 1945 prin—

129 1964 210 2016 cipe
241 1962 435 2014 adsumpti
467 1962 586 2001 creari
617 1962 740 2014 coepti
763 1968 854 2001 sunt
875 1976 906 2001 a.
932 1962 1024 2008 732,
1059 1962 1224 2001 declarat
1246 1969 1326 2001 tum
1351 1974 1427 2000 non
1451 1962 1488 2000 in
1513 1974 1599 2000 eum
1625 1974 1769 2000 annum
1794 1962 1916 2000 solum

129 2044 281 2084 gravem
314 2031 411 2069 hanc
442 2042 572 2069 curam
605 2042 623 2068 a
654 2030 825 2083 principe
848 2038 1039 2082 receptam
1064 2044 1158 2077 esse,
1192 2031 1255 2070 sed
1279 2031 1314 2069 in
1339 2037 1581 2082 perpetuum.
1632 2030 1776 2069 Exinde
1806 2030 1921 2081 igitur

129 2099 450 2140 frumentationes
482 2099 649 2137 urbanae
682 2099 781 2138 inter
812 2099 1056 2138 liberalitates
1089 2100 1283 2138 numerari
1315 2099 1513 2137 desierunt
1544 2122 1594 2126 —
1628 2099 1701 2137 iam
1725 2098 1826 2137 enim
1850 2111 1920 2137 an-

130 2181 253 2208 nonae
296 2181 386 2207 cura
427 2167 590 2219 principi
628 2167 796 2206 iniuncta
835 2180 911 2206 non
950 2174 1008 2207 est
1044 2168 1249 2207 liberalitas
1286 2181 1354 2219 pro
1393 2168 1589 2206 voluntate
1629 2167 1813 2213 exhibita,
1856 2168 1922 2206 sed

129 2250 217 2290 pars
247 2236 590 2276 administrationis
622 2236 655 2274 ei
687 2236 927 2280 commissae,
960 2249 1081 2288 eoque
1115 2237 1232 2288 magis
1263 2237 1364 2287 quod
1397 2236 1478 2275 sine
1507 2236 1622 2275 dubio
1644 2236 1757 2275 simul
1782 2236 1922 2275 tributa

130 2312 232 2345 certe
268 2306 521 2345 frumentaria
558 2305 701 2344 aerario
739 2306 863 2344 adhuc
903 2306 1023 2345 soluta
1066 2306 1104 2344 in
1144 2306 1279 2345 fiscum
1313 2305 1493 2344 translata
1526 2311 1617 2343 sunt
1647 2304 1848 2356 potuitque
1881 2317 1922 2343 ea

131 2387 221 2414 cura
258 2369 347 2413 non'
373 2387 413 2413 re
450 2376 629 2421 fortasse,
668 2374 732 2413 sed
769 2375 851 2413 iure
892 2374 942 2413 ita
974 2374 1255 2420 administrari,
1297 2380 1339 2413 ut
1371 2374 1549 2425 princeps
1581 2373 1625 2411 de
1657 2385 1727 2411 suo
1758 2373 1854 2411 nihil
1885 2372 1923 2410 in

130 2455 321 2483 annonam
361 2443 601 2495 impenderet
636 2467 689 2472 —
727 2449 764 2482 et
801 2442 1061 2482 administrari
1099 2450 1252 2495 coeptae
1285 2449 1375 2482 sunt
1406 2455 1473 2494 per
1503 2441 1696 2480 adiutores
1727 2440 1922 2493 principis,

131 2513 176 2552 de
207 2525 374 2563 quorum
405 2512 628 2552 condicione
660 2518 697 2551 et
728 2512 913 2551 electione
946 2512 1142 2564 temptatis
1175 2524 1242 2564 per
1273 2512 1417 2562 aliquot
1439 2524 1560 2550 annos
1583 2510 1714 2550 multis
1736 2517 1774 2549 et
1795 2509 1924 2548 diver-

132 2581 184 2620 sis
224 2582 376 2620 tandem
416 2582 461 2620 ad
493 2581 737 2620 stabilitatem
770 2587 996 2632 perventum
1038 2587 1094 2619 est
1127 2581 1337 2620 constituto
1367 2582 1559 2632 praefecto
1590 2591 1764 2618 annonae
1797 2578 1924 2629 equite

132 2649 304 2688 Romano
336 2648 386 2700 (v.
420 2648 645 2689 Staatsreclec
676 2649 718 2695 27
752 2648 862 2698 992).

267 2717 341 2756 Sed
382 2718 529 2756 curatio
569 2729 741 2756 annonae
774 2717 948 2764 urbicae,
987 2730 1101 2769 quam
1136 2718 1333 2768 Augustus
1364 2716 1426 2755 hic
1463 2717 1679 2767 suscepisse
1711 2728 1749 2753 se
1781 2715 1925 2761 scribit,

139 2786 297 2824 minime
335 2785 604 2824 continebatur
643 2786 1010 2825 frumentationibus
1052 2786 1152 2837 plebi
1193 2786 1359 2825 urbanae
1397 2785 1600 2824 concessis.
1661 2783 1791 2835 Neque
1823 2783 1926 2822 enim

133 2854 330 2906 pertinent
368 2854 414 2892 ad
445 2854 512 2892 has
544 2866 639 2905 quae
671 2860 802 2893 narrat
832 2854 901 2892 Dio
925 2856 989 2898 55,
1022 2854 1074 2893 26
1113 2867 1228 2905 agens
1261 2855 1304 2893 de
1336 2867 1488 2893 summa
1520 2853 1675 2892 caritate
1706 2852 1796 2891 anni
1829 2852 1926 2891 759:

135 2919 286 2975 ἄνδρες
334 2919 616 2969 ὑπατευκότες
662 2921 737 2962 ἐπί
782 2937 825 2961 ze
866 2924 941 2962 τοῦ
979 2923 1101 2961 σίτου
1139 2923 1209 2961 καὶ
1251 2921 1325 2961 ἐπὶ
1364 2923 1438 2961 τοῦ
1477 2920 1606 2974 ἄρτου
1643 2922 1926 2973 κατέστησαν,

135 2985 241 3029 ὥστε
271 2989 426 3030 τακτὸν
449 2988 613 3043 ἑκάστῳ
637 2988 996 3043 πιπράσκεσθαι·
1029 2989 1220 3030 ἐπέδωκε
1252 2990 1328 3043 μὲν
1359 2991 1439 3043 γὰρ
1471 2990 1540 3029 καὶ
1579 2996 1745 3039 προῖκα
1776 2985 1797 3028 ὁ
1836 2986 1928 3028 Αὕ-

135 3069 314 3106 γουστος
344 3065 435 3106 τοῖς
466 3056 843 3112 σιτοδοτουμένοις
872 3059 1080 3099 τοσοῦτον
1112 3062 1254 3113 ἕτερον
1286 3055 1391 3099 ὅσον
1421 3055 1485 3097 ἀεὶ
1521 3055 1783 3110 ἐλάμβανον,
1822 3062 1860 3096 et
1888 3057 1927 3095 in
