2430 3394
0 973 22 1147 ‘qo-*amu
16 961 18 966 —
17 927 19 941 ᾼ
16 909 21 916 v
16 855 20 881 ι,

506 166 559 205 64
1278 161 1346 204 111,
1374 163 1511 197 22—28

503 282 682 332 adempto
714 281 881 333 pretium
914 281 973 319 vix
1005 281 1162 322 1115111111.
1195 281 1345 331 aliquod
1371 287 1496 319 tamen
1521 280 1713 320 veteribus
1737 282 2023 332 possessoribus
2046 284 2293 334 persolveret.

503 349 730 389 Pervenisse
761 349 955 401 impensas
986 349 1029 387 ad
1064 349 1213 388 sexiens
1237 349 1388 387 miliens
1410 349 1490 401 ipse
1514 349 1669 397 scribit3
1701 362 1789 388 cave
1817 357 1944 389 autem
1967 352 2103 392 collato
2128 353 2294 392 militum

504 425 786 465 veteranorum,
819 418 884 469 qui
918 417 1150 469 triumphale
1181 417 1420 468 congiarium
1452 425 1695 470 acceperunt,
1727 432 1890 459 numero
1922 434 1993 459 cxx
2025 421 2174 460 milium
2209 422 2295 461 inde

502 488 644 527 efficias
675 487 794 526 veteri
824 486 1036 538 possessori
1068 499 1136 538 pro
1168 486 1328 537 singulis
1360 487 1684 538 possessionibus,
1717 502 1814 539 quae
1843 489 2106 530 adimerentur
2127 498 2164 530 et
2186 491 2296 530 militi

502 555 809 606 adsignarentur,
841 556 1033 607 persoluta
1067 568 1150 593 esse
1182 555 1300 605 quina
1331 555 1434 594 milia
1456 557 1691 596 sestertium.
1734 557 1830 597 Nam
1862 572 1932 597 cxx
1954 559 2057 598 milia
2080 560 2295 607 hominum,

502 624 645 676 quibus
675 626 712 664 in
737 638 806 664 suo
830 624 967 675 cuique
991 622 1129 675 oppido
1151 624 1430 664 numerabatur
1452 639 1482 665 a.
1509 626 1587 665 725
1612 626 1843 678 triumphale
1871 627 2122 679 congiarium,
2155 628 2296 668 milites

503 700 595 732 suut
616 694 771 733 victoris
803 693 992 732 exercitus
1026 705 1159 731 omnes
1191 699 1343 744 praeter
1363 696 1586 746 peregrinos
1608 708 1750 746 eosque
1772 696 1838 747 qui
1860 697 2060 736 etiamtum
2085 697 2156 736 sub
2179 697 2296 748 signis

503 762 712 802 merebant.
765 763 833 801 llic
865 774 953 800 vero
985 761 1071 800 inde
1104 761 1319 802 deducendi
1351 770 1440 803 511111
1472 764 1612 803 milites
1636 777 1848 815 paucorum
1873 765 2167 817 stipendiorum,
2200 779 2297 817 quos

502 831 570 871 Dio
612 831 744 871 scribit
782 844 858 870 non
890 843 1025 882 agrum
1057 830 1270 882 accepisse,
1302 832 1366 871 sed
1399 832 1622 883 pecuniam3
1660 839 1855 884 praeterea
1887 834 1986 885 parti
2016 847 2298 886 possessorum,

503 901 648 940 scilicet
688 900 734 938 iis
774 900 840 951 qui
881 899 1044 950 graviter
1080 900 1340 945 offenderant,
1381 901 1463 940 sine
1495 901 1611 940 dubio
1643 901 1811 953 pretium
1844 903 1993 942 nullum
2027 904 2197 943 solutum
2229 909 2298 949 est,

504 970 602 1021 parti
633 982 702 1021 pro
734 969 833 1020 agris
865 968 1005 1007 Italicis
1037 968 1176 1008 redditi
1208 970 1472 1020 provinciales,
1504 977 1547 1010 ut
1579 983 1731 1010 summa
1762 971 1957 1022 aliquanto
1990 971 2111 1010 maior
2141 971 2188 1010 ad
2210 983 2299 1023 pos-

503 1051 673 1078 sessores
705 1045 877 1077 extorres
910 1037 1131 1089 pervenisse
1162 1038 1348 1078 videatur.
1401 1040 1585 1091 Spectant
1614 1045 1744 1079 autem
1776 1040 1935 1079 omnino
1968 1040 2014 1079 ad
2045 1041 2143 1079 1111110
2164 1052 2299 1079 110005-

502 1108 638 1147 sariam
672 1107 781 1158 quasi
812 1106 925 1159 pretii
957 1106 1190 1145 solutionem
1222 1121 1319 1159 quae
1342 1108 1410 1147 Dio
1442 1108 1590 1148 rettulit
1612 1109 1656 1148 de
1679 1108 1862 1159 pecuniae
1885 1121 1954 1160 pro
1976 1108 2076 1159 agris
2096 1121 2117 1148 a
2139 1108 2298 1147 Caesare

501 1176 833 1228 pernumerandae
865 1188 1019 1215 summa
1051 1181 1089 1214 et
1119 1176 1347 1216 necessitate
1379 1183 1415 1216 et
1447 1177 1684 1216 difficultate.

634 1245 911 1284 Deductionem
955 1251 1227 1283 veteranorum
1268 1246 1511 1285 Actiacorum
1553 1260 1585 1285 a.
1611 1246 1692 1284 724
1729 1246 1781 1285 ita
1818 1248 1955 1286 factam
1990 1259 2092 1294 esse,
2130 1252 2174 1285 ut
2203 1257 2300 1297 quae

502 1313 644 1365 oppida
675 1313 722 1352 iis
755 1313 1017 1360 tradebantur,
1050 1312 1150 1352 inter
1181 1315 1348 1354 colonias
1372 1316 1485 1355 Iulias
1518 1316 1795 1367 redigerentur,
1828 1322 1865 1354 et
1886 1321 2061 1355 auctores
2084 1315 2300 1366 significant

501 1390 539 1423 et
567 1384 772 1423 confirmat
801 1383 883 1435 ipse
914 1383 1093 1434 princeps
1125 1395 1168 1421 eo
1200 1383 1301 1433 quod
1335 1383 1371 1431 3,
1408 1385 1456 1422 17
1490 1384 1722 1436 triumphale
1745 1384 1982 1436 congiarium
2006 1398 2038 1423 a.
2063 1384 2142 1423 725
2166 1383 2299 1423 scribit

500 1453 690 1504 accepisse
727 1455 767 1491 in
809 1452 961 1492 coloniis
997 1451 1158 1490 militum
1193 1464 1347 1491 snorum
1385 1452 1590 1492 hominum
1630 1453 1781 1492 circiter
1819 1467 1886 1492 cxx
1925 1453 2050 1500 milia,
2088 1466 2178 1492 nam
2210 1465 2298 1492 cum

500 1521 560 1559 1115
591 1520 718 1559 verbis
750 1520 920 1559 veterani
951 1519 1106 1559 victoris
1138 1520 1329 1559 exercitus
1361 1534 1496 1560 01111105
1528 1522 1919 1573 comprebendantur,
1958 1523 2047 1561 inde
2077 1522 2161 1562 iure
2192 1521 2299 1561 00111-

500 1589 602 1641 gitur
642 1589 682 1627 in
724 1588 944 1640 municipiis
982 1594 1048 1627 aut
1088 1588 1215 1628 nullos
1246 1589 1366 1628 fuisse
1397 1596 1464 1629 aut
1495 1590 1545 1629 ita
1577 1603 1737 1641 paucos,
1776 1598 1819 1630 ut
1849 1597 1951 1630 reete
1982 1591 2298 1643 praeterirentur.

499 1658 547 1697 At
577 1658 665 1697 inde
697 1671 745 1697 110
777 1657 921 1696 efficias
953 1656 1185 1708 oppidorum
1217 1670 1350 1697 eorum
1382 1665 1529 1698 veteres
1561 1659 1662 1698 cives
1685 1673 1820 1699 omnes
1842 1661 2022 1712 expulsos
2044 1673 2140 1706 esse,
2173 1659 2300 1698 obstat

500 1733 538 1765 et
569 1739 701 1766 rerum
733 1726 831 1766 ratio
862 1732 900 1765 et
920 1725 1059 1777 Hygini
1089 1726 1196 1765 100115
1228 1740 1344 1779 supra
1374 1728 1535 1775 adlatus,
1568 1729 1764 1768 declarans
1796 1729 1835 1768 in
1868 1728 2000 1768 multis
2023 1728 2172 1780 oppidis
2194 1733 2299 1766 vete-

499 1808 588 1835 rum
620 1796 759 1835 civium
792 1801 941 1847 partem
972 1794 1217 1842 remansisse,
1250 1802 1293 1835 ut
1324 1809 1421 1835 nova
1442 1797 1497 1835 rei
1518 1797 1692 1848 publicae
1712 1800 1837 1836 forma
1858 1810 1923 1836 eos
1945 1810 2100 1849 quoque
2122 1808 2300 1848 compre-

499 1865 698 1904 henderet.
749 1863 860 1910 Quod
892 1870 1021 1903 autem
1054 1863 1187 1903 scribit
1209 1865 1406 1916 Augustus
1438 1866 1640 1918 pecuniam
1674 1879 1742 1918 pro
1774 1866 1873 1918 agris
1905 1866 2065 1905 solvisse
2096 1879 2136 1905 se
2167 1864 2299 1905 muni-

500 1933 629 1986 cipiis,
661 1940 764 1973 recte
795 1946 835 1972 se
867 1932 1001 1981 habet,
1043 1932 1206 1972 dabatur
1236 1934 1338 1973 enim
1372 1935 1566 1974 veteribus
1608 1935 1723 1974 rebus
1755 1935 1931 1986 publicis,
1964 1942 2008 1974 ut
2038 1934 2118 1974 suis
2150 1933 2299 1973 civibus

498 2015 567 2054 per
605 2015 688 2041 eam
731 2001 956 2048 satisfieret,
995 2001 1311 2054 coloniarumque
1353 2004 1577 2044 constitutio
1614 2004 1799 2056 pecuniae
1839 2005 2031 2044 dationem
2069 2016 2149 2043 non
2186 2015 2300 2055 prae-

499 2072 626 2119 cessit,
659 2071 725 2110 sed
757 2076 888 2110 secuta
918 2077 988 2110 est.

635 2140 687 2179 De
726 2140 844 2179 altera
883 2152 923 2178 re
954 2140 1028 2178 hoc
1057 2139 1140 2179 loco
1172 2141 1310 2180 tradita
1342 2154 1461 2193 pauca
1493 2148 1643 2181 tantum
1677 2141 1836 2181 dicenda
1868 2141 2040 2181 veniunt.
2101 2140 2299 2192 Augustus

501 2210 547 2249 ab
579 2222 611 2249 a.
636 2209 715 2249 738
748 2209 794 2248 ad
827 2210 904 2248 741
939 2222 1028 2249 011111
1059 2209 1150 2249 alias
1182 2223 1243 2250 res
1274 2223 1343 2262 per
1374 2211 1512 2250 Gallias
1545 2218 1582 2251 et
1603 2210 1805 2263 Hispanias
1838 2211 2038 2257 ordinavit,
2071 2215 2155 2250 tum
2179 2209 2299 2248 Dione

498 2359 616 2397 αὐτοῖς
639 2359 776 2393 ἔδωκεν.
816 2355 939 2399 ἐπειδὴ
964 2355 1032 2403 γὰρ
1059 2355 1123 2389 οὐκ
1146 2354 1333 2401 ἐξήρκεσεν
1356 2355 1376 2399 ἡ
1402 2357 1439 2391 ἓν
1463 2359 1509 2401 τῷ
1536 2357 1701 2403 δημοσίῳ
1724 2357 1771 2391 ἔτι
1790 2354 1868 2390 τότε
1887 2353 1989 2400 οὖσα,
2015 2357 2299 2402 προσεξεπρίατο

497 2415 603 2460 ἄλλην
628 2429 664 2451 τε
689 2418 747 2450 καὶ
774 2428 875 2461 παρα
901 2414 1117 2458 Καμπανῶν
1141 2416 1209 2447 τῶν
1233 2415 1271 2448 ἓν
1294 2417 1335 2461 τῇ
1360 2411 1493 2460 Καπύῃ
1520 2411 1712 2448 οἰκούντων
1738 2412 1875 2459 συχνὴν
1899 2415 1969 2455 (καὶ
1994 2414 2064 2461 γὰρ
2095 2415 2256 2448 ἐποίκων
2277 2410 2298 2455 ἡ

498 2472 604 2512 πόλις
628 2475 771 2508 πολλῶν
802 2473 924 2513 ἒδέῖῒο)
950 2473 1009 2505 καὶ
1034 2468 1157 2509 αὐτοῖς
1180 2471 1218 2506 τό
1244 2485 1277 2506 τε
1304 2469 1402 2519 ί’δωρ
1427 2473 1465 2506 τὸ
1487 2469 1638 2506 Ἰούλιον
1664 2469 1926 2518 ὠνομασμένον
1944 2498 1951 2505 .
1970 2499 1976 2505 .
1996 2497 2002 2504 .
2023 2470 2089 2514 τήν
2117 2483 2153 2505 τε
2172 2467 2300 2517 χώραν

497 2531 562 2574 τὴν
585 2535 759 2566 Κνωσίαν
776 2557 782 2564 .
803 2557 810 2564 .
829 2557 834 2563 .
855 2527 1038 2564 ἀντέδωκε.
1076 2530 1186 2563 ταῦτα
1210 2530 1278 2574 μὲν
1303 2527 1366 2565 οὖν
1384 2529 1531 2577 ὕστερον
1547 2530 1693 2574 ἐγένετο.
1732 2531 1806 2563 Inde
1826 2532 1912 2564 enim
1929 2532 1990 2563 hoc
2009 2535 2136 2563 tantum
2154 2528 2300 2561 efficitur

499 2591 530 2622 in
557 2590 707 2630 urbibus,
734 2600 870 2632 quarum
897 2589 1073 2621 territoria
1099 2589 1242 2621 tresviri
1267 2589 1433 2621 militibus
1460 2589 1673 2621 destinabant
1699 2594 1731 2621 et
1749 2599 1886 2631 quarum
1905 2599 1921 2621 e
1940 2598 2077 2620 numero
2097 2587 2206 2629 Capua
2223 2585 2298 2625 fuit,

500 2659 563 2680 non
591 2658 703 2680 omnes
729 2648 871 2679 omnium
898 2657 997 2687 agros
1025 2657 1067 2679 ex
1092 2646 1165 2687 lege
1193 2647 1231 2678 de
1257 2657 1293 2678 ea
1319 2657 1355 2679 re
1382 2647 1449 2679 lata
1475 2647 1639 2689 publicari
1665 2647 1833 2689 potuisse:
1861 2646 1937 2689 quid
1963 2645 2047 2688 quod
2072 2650 2138 2677 tam
2162 2648 2298 2687 propter

500 2706 734 2738 Caesarianam
761 2711 795 2738 et
819 2705 1043 2737 Antonianam
1069 2705 1263 2737 colonorum
1283 2704 1521 2747 Campanorum
1547 2705 1779 2737 deductionem
1806 2714 1901 2746 quam
1920 2707 2056 2746 propter
2074 2712 2172 2744 supra
2191 2700 2297 2732 relata

499 2765 602 2796 verba
627 2763 747 2795 Dionis
772 2774 834 2793 non
861 2762 1013 2794 absimile
1040 2768 1093 2794 est
1118 2764 1193 2794 veri
1212 2762 1343 2804 Capuae
1369 2762 1460 2793 solos
1478 2773 1577 2803 agros
1596 2773 1658 2793 non
1678 2767 1775 2794 antea
1794 2761 1986 2801 adsignatos
2006 2758 2178 2792 veteranis
2196 2757 2299 2790 desti-

499 2826 593 2853 natos
633 2831 718 2853 esse.
783 2820 931 2862 Denique
969 2820 1178 2852 durissimam
1218 2820 1325 2860 legem
1363 2830 1381 2851 a
1419 2820 1562 2852 Caesare
1602 2820 1812 2862 aliquatenus
1854 2818 2039 2859 mitigatam
2081 2826 2156 2849 esse
2198 2825 2298 2856 agro-

499 2889 570 2910 rum
596 2878 850 2910 dividendorum
876 2882 971 2919 parte
999 2882 1149 2920 coempta
1174 2877 1272 2919 plane
1295 2878 1465 2909 diversum
1485 2883 1536 2909 est
1554 2888 1570 2908 a
1590 2878 1773 2910 substituta
1792 2875 2012 2918 publicationi
2030 2873 2223 2907 venditione
2243 2883 2298 2903 co-

500 2939 586 2966 acta.
635 2934 790 2966 Ceterum
816 2934 901 2976 quod
928 2939 1042 2966 censet
1068 2934 1231 2975 Bergkius
1260 2936 1457 2977 emptionem
1483 2935 1576 2966 illam
1602 2935 1676 2975 agri
1702 2934 1858 2976 Campani
1883 2934 1939 2966 vel
1964 2937 2055 2964 certe
2080 2931 2181 2974 pretii
2206 2930 2298 2962 solu-

499 2992 622 3023 tionem
649 3002 733 3023 anno
761 2992 886 3022 demum
913 2991 976 3022 724
1003 2992 1170 3032 evenisse,
1196 2993 1272 3023 inde
1298 2997 1390 3024 certe
1416 3003 1479 3023 non
1505 2993 1669 3033 colligere
1696 2991 1821 3031 debuit,
1847 2991 1932 3033 quod
1959 2991 1991 3022 in
2018 2990 2150 3021 Cretam
2175 2998 2204 3020 a.
2232 2986 2294 3020 718

501 3049 637 3081 Caesari
662 3049 714 3080 ius
742 3060 803 3080 non
830 3047 905 3090 fuit,
932 3048 1057 3080 oblitus
1083 3050 1137 3089 agi
1167 3050 1228 3081 hoc
1253 3050 1327 3081 loco
1353 3050 1393 3081 de
1418 3050 1650 3090 adsignatione
1676 3049 1881 3081 triumvirali
1907 3053 1940 3080 et
1965 3058 2001 3078 eo
2028 3052 2175 3088 tempore
2200 3046 2290 3076 inter

500 3107 680 3138 Antonium
708 3112 740 3138 et
766 3107 941 3138 Caesarem
967 3106 1110 3148 aliquam
1137 3107 1242 3139 adhuc
1269 3107 1481 3139 concordiam
1507 3107 1694 3139 duravisse.
