2269 3409
263 134 457 169 XXXVIII

261 255 307 294 ad
338 251 624 305 topographiam
658 249 764 289 urbis
795 249 939 289 Romae
970 249 1132 300 benigne
1175 255 1212 287 et
1247 247 1369 299 perite
1400 260 1462 286 me
1493 247 1634 287 adiuvit
1666 248 1876 288 Henricum
1907 249 2051 289 Jordan

261 321 485 374 praesertim
510 319 694 370 Georgius
716 318 847 357 Kaibel
879 318 1041 357 Graecae
1072 315 1383 368 interpretationi
1413 318 1650 355 fructuosam
1684 329 1816 356 curam
1848 317 2050 370 impendit.

391 390 450 428 IV.
497 388 598 428 Haec
629 388 824 439 excipiunt
855 387 997 425 scholia
1029 398 1124 433 mea,
1156 385 1297 436 quibus
1329 390 1488 436 propter
1518 384 1672 424 lectoris
1695 386 1943 425 commodum
1968 393 2053 426 tex-

262 466 343 498 tum
366 465 576 509 utrumque
599 456 819 508 suppletum
852 455 1030 499 eundem,
1064 455 1109 492 de
1131 466 1207 504 quo
1229 453 1344 492 modo
1367 452 1456 500 dixi,
1489 453 1725 504 capitulatim
1747 455 1964 506 praeposui.
2009 456 2054 495 In

261 528 306 567 iis
345 527 500 566 scholiis
531 526 691 565 eandem
723 526 801 562 fere
831 524 952 574 legem
986 529 1140 561 secutus
1173 534 1273 567 suin,
1306 522 1351 560 de
1383 535 1457 572 qua
1488 534 1603 573 supra
1635 523 1795 574 exposui
1825 524 1865 562 in
1896 525 2054 577 supple-

261 595 422 643 mentis,
468 595 559 633 salsa
598 600 636 632 et
672 591 943 644 praetermissa
982 597 1024 629 ut
1066 590 1351 640 corrigerentur
1393 597 1431 629 et
1467 590 1715 642 explerentur
1754 591 1834 631 sine
1871 593 2055 633 continua

261 665 435 718 priorum
477 662 747 713 exagitatione,
785 673 829 698 ex
870 659 916 698 iis
948 666 1076 698 autem
1115 671 1213 710 quae
1244 671 1331 698 vera
1363 664 1401 698 et
1432 659 1642 711 probabilia
1672 659 1698 698 ii
1729 660 1960 709 attulissent,
1992 674 2055 701 re-

262 734 414 773 condita
456 738 604 771 tantum
653 736 690 768 et
728 728 848 779 magis
895 727 1081 779 exquisita
1118 728 1369 766 laudarentur
1408 728 1567 767 nomine
1607 727 1765 768 adiecto.
1831 729 1927 769 Nam
1965 743 2054 769 cum

262 804 354 842 haec
385 801 434 841 sit
465 798 657 839 eiusmodi
687 796 1056 836 connnentariorum
1088 795 1198 841 ratio,
1231 802 1274 835 ut
1303 809 1381 835 non
1413 809 1532 848 pauca
1564 796 1756 848 interpres
1778 797 1956 837 omittere
1977 811 2056 838 non

262 872 396 911 debeat
435 882 504 908 1166
542 869 635 907 adeo
674 873 788 919 queat
825 878 846 904 a
886 865 1022 917 quovis
1059 865 1217 904 homine
1253 877 1330 904 non
1372 865 1459 904 rudi
1495 865 1601 905 nullo
1632 867 1787 917 negotio
1817 868 2054 918 reperienda,

264 940 351 980 talia
389 938 474 990 quis
512 937 662 989 primus
705 934 877 974 attulerit
912 946 983 973 nec
1026 933 1196 984 quaesivi
1233 947 1304 973 nec
1342 934 1531 974 adnotavi.
1591 934 1661 974 Est
1698 935 1800 974 enim
1834 937 2057 988 interpretis

261 1021 338 1048 non
371 1008 493 1046 solum
529 1017 643 1044 sumn
676 1004 813 1055 cuique
846 1003 1028 1050 tribuere,
1060 1003 1125 1042 sed
1162 1003 1276 1042 etiam
1308 1016 1370 1042 res
1402 1004 1577 1043 omnium
1601 1016 1828 1043 communes
1850 1017 1871 1043 a
1891 1005 2058 1057 propriis

262 1084 299 1117 et
330 1075 480 1115 eximiis
512 1086 725 1119 secernere,
765 1073 1022 1123 abhorretque
1055 1072 1214 1111 0111111110
1246 1085 1266 1111 3
1297 1072 1436 1112 studiis
1467 1073 1573 1112 hisce
1603 1073 1826 1112 liberalibus
1854 1074 1965 1113 anxia
1987 1087 2056 1114 au-

263 1145 450 1186 ctoritatis
482 1143 656 1195 quaestio
688 1142 801 1181 etiam
834 1143 872 1181 in
904 1141 962 1188 iis⁷
995 1154 1092 1191 quae
1124 1140 1155 1179 si
1187 1143 1253 1192 qui
1285 1141 1357 1181 sibi
1378 1141 1556 1189 vindicet,
1589 1142 1827 1194 pauperrimi
1849 1144 1994 1195 ingenii
2016 1157 2057 1184 se

264 1228 346 1255 esse
377 1215 459 1266 ipsa
491 1226 532 1251 re
563 1212 801 1251 confiteatur.
863 1210 1043 1250 Ceterum
1074 1209 1259 1249 iudicium
1292 1217 1374 1250 esto
1406 1212 1506 1262 apud
1536 1212 1699 1250 lectores
1730 1225 1873 1264 aequos
1905 1219 1943 1252 et
1963 1226 2058 1265 pru-

262 1285 407 1327 dentes,
440 1280 743 1321 commentarius
766 1281 930 1331 Augusti
960 1292 1054 1318 num
1087 1279 1163 1318 iam
1193 1280 1345 1331 plenius
1377 1286 1415 1319 et
1445 1280 1586 1319 certius
1618 1281 1862 1332 intellegatur
1891 1294 1970 1321 non
1993 1295 2057 1321 so-

260 1355 340 1393 hnn
372 1357 529 1404 propter
559 1363 657 1389 nova
689 1348 860 1388 subsidia
892 1349 998 1400 (113111
1030 1349 1100 1388 1136
1132 1348 1287 1399 quiden]
1319 1349 1364 1388 de
1395 1361 1436 1388 re
1468 1361 1583 1388 nemo
1615 1349 1810 1401 ambiget),
1843 1350 1909 1390 sed
1940 1350 2056 1390 etiam

261 1427 418 1474 propter
449 1432 595 1465 curam,
627 1431 741 1469 quam
774 1431 842 1469 ego
873 1418 912 1457 in
945 1430 1034 1457 eum
1065 1417 1249 1470 impendi.

393 1489 434 1528 V.
481 1489 653 1539 Denique
698 1494 850 1539 praeter
886 1493 1093 1526 tractatum
1136 1486 1182 1525 de
1223 1486 1264 1525 P.
1295 1485 1454 1538 Sulpicii
1484 1486 1650 1533 Quirinii
1689 1487 1800 1526 titulo
1838 1487 2055 1536 Tiburtino,

262 1572 377 1611 quem
411 1565 517 1598 extra
549 1558 724 1597 ordinem
755 1557 893 1604 addidi,
925 1556 1069 1595 subieci
1099 1555 1245 1594 indices
1278 1561 1355 1594 tres
1386 1555 1624 1606 pertinentes
1655 1556 1702 1595 ad
1730 1557 2056 1596 commentarium

259 1628 435 1680 Augusti,
467 1633 715 1679 conspectum
748 1638 879 1665 rerum
913 1625 1126 1665 secundum
1160 1623 1334 1663 ordinem
1367 1630 1587 1676 temporum
1618 1637 1697 1664 11011
1719 1624 1898 1664 inutilem
1920 1625 2058 1678 opinor

260 1710 390 1737 rerum
437 1697 700 1736 Romanarum
746 1695 887 1734 futuris
924 1693 1233 1740 enarratoribus3
1272 1692 1438 1732 indicem
1483 1693 1691 1732 verborum
1733 1694 1899 1746 exempli
1930 1694 2057 1734 Latini

262 1766 422 1805 adiectis
453 1778 550 1817 quae
581 1765 839 1817 respondeant
868 1763 1061 1804 vocabulis
1094 1764 1259 1810 Graecis,
1290 1761 1513 1814 praemissis
1554 1768 1684 1802 autem
1721 1762 2056 1803 observationibus

260 1834 491 1886 quibusdam
516 1834 560 1873 de
583 1833 827 1873 monumenti
860 1832 1131 1884 orthographia
1153 1839 1191 1872 et
1212 1832 1258 1871 de
1279 1831 1405 1870 indole
1428 1831 1704 1883 metaphrasis3
1735 1831 1902 1871 indicem
1923 1845 2056 1872 rerum

260 1903 455 1956 potiorum
486 1903 526 1942 in
558 1903 712 1942 scholiis
744 1908 1077 1955 pertractatarum.

391 1972 460 2011 vl:
496 1972 698 2011 Adiectum
731 1978 789 2011 est
819 1971 1038 2023 exemplum
1070 1969 1517 2022 photolithographimnn
1550 1970 1792 2009 monumenti
1824 1970 1956 2010 totius.
2014 1971 2057 2010 Id
2093 1969 2096 1971 ’

262 2048 303 2081 ut
347 2042 394 2081 ad
433 2041 553 2093 spatia
590 2041 805 2080 definienda
842 2040 986 2080 utiliter
1022 2039 1195 2079 adhiberi
1231 2045 1375 2091 potest,
1421 2037 1562 2077 ita'ad
1599 2038 1860 2089 agnoscendas
1896 2039 2055 2087 litteras,

261 2110 305 2149 de
342 2109 483 2161 quibus
522 2109 688 2149 dubitari
719 2116 864 2161 potest,
897 2121 1138 2160 nequaquam
1172 2107 1348 2147 sufficiet.
1409 2106 1536 2145 Nihilo
1568 2108 1699 2146 minus
1729 2107 1768 2146 id
1798 2108 1844 2146 ab
1874 2108 1946 2147 1136
1975 2108 2057 2147 edi-

261 2179 362 2218 tione
393 2191 442 2217 ne
472 2178 635 2225 abesset,
668 2178 860 2217 academia
892 2184 1025 2216 nostra
1056 2177 1234 2222 decrevit,
1274 2182 1311 2216 et
1343 2182 1474 2227 gratus
1507 2175 1602 2214 mihi
1632 2175 1762 2215 iussus
1792 2176 1867 2216 fuit
1896 2183 2057 2229 propter

261 2260 455 2287 summam
488 2247 734 2286 monumenti
766 2247 1002 2298 dignitatem.
1061 2246 1109 2285 At
1140 2245 1172 2284 si
1203 2245 1270 2296 qui
1301 2245 1346 2283 de
1376 2244 1540 2283 lectione
1576 2250 1709 2283 nostra
1741 2245 1942 2293 dubitabit,
1974 2246 2057 2298 ple-

260 2329 425 2367 rumque
460 2328 539 2355 non
577 2316 623 2354 ad
668 2315 816 2354 tabulas
861 2321 1036 2362 nostras,
1083 2315 1150 2353 sed
1181 2315 1227 2353 ad
1273 2314 1451 2353 matrices
1491 2326 1586 2364 quas
1623 2313 1870 2353 adhibuimus
1908 2321 1975 2354 aut
2009 2315 2057 2354 ad

260 2384 389 2436 ipsum
421 2396 593 2423 marmor
622 2384 668 2423 lis
700 2384 942 2423 diiudicanda
972 2384 1056 2423 erit.

393 2453 495 2492 Haec
526 2452 668 2504 paravi,
701 2459 744 2492 ut
776 2452 931 2492 titulum
963 2452 1065 2491 inter
1096 2451 1253 2491 Latinos
1285 2450 1514 2503 primarium
1545 2451 1597 2490 ita
1628 2464 1900 2503 proponerem,
1932 2457 1976 2492 ut
1995 2465 2057 2492 res

261 2521 424 2573 requirit
469 2521 717 2573 subsidiaque
763 2521 1007 2573 permittunt.
1065 2520 1145 2560 Iam
1182 2520 1311 2572 prodit
1348 2519 1650 2559 commentarius
1690 2532 1821 2559 rerum
1861 2526 2055 2571 gestarum

262 2591 336 2630 divi
358 2591 520 2642 Augusti
547 2603 636 2629 cum
659 2590 871 2641 integritati
894 2603 983 2629 suae
1006 2590 1223 2637 restitutus,
1256 2595 1359 2628 certe
1380 2589 1484 2627 nullo
1506 2588 1613 2627 1113111
1635 2588 1780 2628 11131016
1801 2588 2056 2641 interruptus,

264 2667 346 2699 tum
378 2666 466 2711 post
496 2659 621 2711 apices
654 2672 788 2698 omnes
820 2671 907 2698 611111
941 2672 1032 2698 61113
1053 2666 1091 2698 61
1112 2659 1185 2698 fide
1206 2664 1384 2710 exceptos
1406 2657 1581 2696 lectionis
1602 2657 1642 2696 in
1665 2657 1888 2697 universum
1911 2664 2056 2706 certae3

263 2735 300 2767 et
330 2740 418 2767 cum
450 2735 537 2767 vota
567 2728 752 2767 faciamus
784 2734 826 2767 ut
856 2728 923 2779 qui
952 2734 1040 2780 post
1070 2741 1142 2767 nos
1170 2728 1335 2773 venient,
1368 2739 1464 2777 quae
1497 2726 1622 2765 adhuc
1644 2733 1855 2778 supersunt
1876 2734 2058 2779 corrupta

263 2802 300 2835 et
329 2797 451 2835 lacera
482 2797 689 2835 emendent
719 2802 757 2835 et
788 2797 974 2848 expleant,
1006 2797 1198 2848 plerisque
1229 2802 1331 2835 certe
1354 2795 1549 2847 occupatis
1572 2801 1609 2834 et
1630 2795 1817 2835 absolutis
1839 2795 1922 2834 iure
1943 2795 2056 2835 nobis

263 2865 500 2915 gratulamur
529 2871 686 2917 propter
717 2865 911 2916 egregium
947 2872 1245 2905 monumentum
1268 2871 1400 2904 nostra
1422 2871 1543 2904 aetate
1564 2870 1834 2916 recuperatum
1857 2864 2057 2903 communi

264 2946 376 2984 opera
407 2934 518 2984 Angli
560 2934 728 2973 hominis
766 2941 803 2973 et
834 2934 928 2973 Galli
968 2942 1005 2973 et
1036 2934 1160 2986 aliqua
1191 2947 1345 2985 quoque
1374 2939 1506 2973 nostra
1537 2933 1742 2973 hominum
1774 2933 2055 2972 Germanorum

265 3001 458 3040 Ilumanni
491 3015 663 3053 meaque.

883 3137 900 3138 Π
916 3134 1146 3146 ——-—
1153 3131 1446 3150 ..ξ’-ι-ῌ-ᾏ,
