2269 3409
180 187 231 222 VI

181 303 333 354 quidem
366 307 468 338 extra
501 300 658 337 domum
693 295 976 347 imperatoriam
1010 292 1210 332 constituti
1243 291 1421 343 princeps
1454 290 1690 330 mentionem
1723 292 1812 331 facit
1842 305 1969 343 neque

181 370 334 409 omniuo
367 373 630 418 praeterquam
665 365 701 403 in
733 364 842 402 anuis
879 362 1121 412 designandis
1152 372 1294 399 nomen
1326 359 1435 410 ponit
1463 358 1632 397 hominis
1655 360 1752 398 infra
1774 360 1970 410 fastigium

182 435 469 487 impet-annium
510 433 720 472 constituti.
783 431 832 468 De
875 430 998 468 turbis
1039 428 1213 467 civilibus
1252 427 1342 466 dicit
1379 426 1534 477 quidem
1568 427 1833 478 compluribus
1864 428 1970 474 locis,

183 505 247 543 sed
282 502 507 541 brevissime
540 508 577 540 et
608 499 828 539 cautissime
860 505 897 536 et
924 504 970 536 ,ut
1000 509 1190 547 nusquam
1216 495 1374 534 nomina
1397 494 1575 533 enuntiet
1595 507 1729 533 eorum
1753 496 1819 546 qui
1840 502 1972 534 contra

183 585 220 609 se
259 583 363 609 arma
413 570 590 608 tulissent
636 567 742 606 hellis
787 565 978 611 civilibus,
1019 570 1059 602 ut
1099 564 1145 602 M.
1170 564 1277 602 Bruti
1319 569 1356 601 et
1393 563 1431 601 C.
1456 562 1575 601 Cassii
1616 563 1764 614 (faccz'ot
1806 576 1871 609 123
1911 565 1976 615 qui

179 646 372 690 parentem
411 650 529 675 meum
568 637 850 686 Interfecerunt:
894 634 1002 677 ιἰο),
1045 633 1093 670 M.
1122 632 1275 671 Antonii
1309 634 1355 682 (is
1386 644 1469 669 cnm
1500 643 1570 682 quo
1603 629 1738 669 bellum
1768 643 1973 681 yesseram:

185 720 218 744 ιν
239 720 273 745 52.»
302 708 347 744 cf.
371 719 391 742 x·
417 718 427 743 >t
456 711 493 742 et
514 704 581 741 Dio
606 705 670 747 51,
698 703 776 751 19),
800 701 846 739 Μ.
871 700 1002 751 Lepidi
1033 700 1130 750 (cepi
1154 700 1191 738 id
1217 700 1464 738 sacerdotium
1488 721 1537 724 ——
1562 698 1828 749 pontificatum
1853 698 1975 737 maxi-

186 787 291 812 mum
324 796 376 799 —-
407 786 446 811 eo
477 779 621 810 mortuo
653 773 716 820 qui
744 768 859 807 civilis
888 775 1011 806 motus
1042 770 1228 806 occasione
1251 774 1513 818 occupaverat:
1547 766 1659 817 1125),
1693 767 1778 805 Sex.
1801 766 1977 817 Pompeii

186 842 426 892 (praedonem
461 853 480 876 v
514 844 555 881 ι).
616 837 739 876 Cladis
774 835 953 874 Varianae
985 835 1249 885 similiumque
1280 834 1583 873 infortuniorum
1623 834 1862 873 mentionem
1897 847 1975 873 non

187 910 266 947 lieri
299 908 356 946 vix
389 920 485 958 opus
518 912 573 944 est
606 917 780 950 monere3
811 910 944 942 contra
977 909 1215 941 memoratur
1246 902 1437 954 expeditio
1469 915 1545 941 non
1578 903 1701 942 multo
1731 902 1852 953 magis
1873 902 1975 948 felix,

187 978 252 1015 sed
284 989 359 1014 non
392 975 624 1013 cormlamata
647 972 740 1010 Aelii
764 971 857 1009 Galli
889 972 927 1021 (v
958 974 1014 1020 is).
1062 970 1233 1020 Denique
1265 983 1402 1009 arcana
1434 971 1587 1022 imperii
1619 971 1657 1009 in
1682 971 1746 1010 tali
1768 971 1977 1022 scriptione

186 1057 299 1083 nemo
332 1056 446 1081 sanus
478 1046 653 1092 quaeret,
687 1040 750 1077 sed
784 1052 836 1084 ea,
870 1051 965 1088 quae
996 1038 1183 1089 populum
1218 1039 1441 1077 universum
1475 1046 1510 1078 et
1541 1039 1779 1090 plebeculam
1812 1038 1978 1077 maxime

188 1115 233 1152 de
264 1126 303 1150 se
336 1111 391 1149 vel
422 1122 535 1148 nosse
566 1108 623 1146 vel
654 1108 807 1145 credere
841 1107 949 1145 vellet
979 1106 1190 1158 imperator
1220 1107 1339 1146 animi
1370 1107 1493 1146 callidi
1519 1108 1638 1158 magis
1660 1120 1774 1158 quam
1798 1106 1976 1146 sublimis

190 1181 330 1233 quique
364 1177 489 1228 magni
520 1176 589 1214 viri
620 1187 823 1226 personam
855 1179 942 1225 apte
972 1175 1135 1225 gesserit
1164 1174 1245 1226 ipse
1277 1188 1355 1214 non
1388 1188 1564 1226 magnus.

243 1249 329 1299 Cap.
353 1247 367 1284 I
400 1248 451 1296 (p.
476 1244 528 1293 2).

360 1327 372 1351 1
406 1326 470 1353 1—3·
506 1309 825 1350 Adulescentulus
856 1309 1067 1348 exercitum
1098 1317 1306 1362 comparat.

402 1394 468 1420 3-7
507 1380 606 1418 Loco
638 1377 828 1417 consulari
859 1378 1047 1429 adlegitur
1076 1379 1115 1417 in
1148 1386 1339 1427 senatum,
1377 1379 1469 1419 item
1502 1379 1709 1431 imperium
1741 1378 1881 1430 accipit
1910 1390 1981 1430 pro

589 1452 777 1498 praetore.

402 1531 468 1556 T—9
506 1515 647 1554 Consul
678 1515 693 1552 I
724 1521 876 1553 creatur
906 1520 943 1552 et
976 1514 1090 1553 IIIvir
1121 1528 1150 1554 r.
1175 1529 1211 1567 p.
1235 1529 1266 1555 c.

243 1587 330 1638 Cap.
354 1586 386 1624 II
419 1595 470 1636 (p.
495 1585 547 1634 5).

327 1666 338 1691 1
373 1665 473 1691 10-12
510 1652 585 1690 Lex
618 1650 745 1690 Pedia.
806 1650 953 1688 Bellum
986 1650 1245 1703 Philippense.

245 1723 331 1774 Cap.
354 1722 404 1759 111
436 1721 488 1772 (p.
513 1722 566 1768 5).

327 1802 337 1827 1
371 1802 472 1828 13—15
509 1788 609 1826 Bella
642 1792 827 1826 sustenta.
891 1786 1046 1825 Civibus
1079 1793 1116 1826 et
1146 1788 1339 1840 plerisque
1371 1789 1539 1828 externis
1570 1788 1692 1828 victor
1723 1788 1857 1840 parcit.

366 1869 471 1896 16—19
507 1856 700 1895 Numerus
733 1854 898 1893 militum
933 1860 968 1893 et
1000 1861 1285 1895 veteranorum.

376 1938 418 1964 19.
437 1938 472 1964 20
507 1924 702 1963 Numerus
733 1922 887 1961 navium
922 1929 1134 1974 captarum.

246 1995 332 2045 Cap.
356 1993 402 2031 IV
435 2000 486 2044 (p.
506 1988 592 2043 10).

329 2072 473 2100 ιρι-24
508 2060 701 2098 Numerus
747 2057 969 2097 ovationum
1017 2065 1055 2098 et
1101 2059 1405 2112 triumphorum.
1467 2059 1672 2111 Triumphi
1708 2072 1787 2099 non
1829 2058 1987 2110 accepti.

324 2130 334 2137 '
593 2127 740 2165 Laurus
772 2126 980 2177 depositae.

370 2208 472 2235 zui—2?
510 2196 704 2234 Numerus
737 2194 1063 2245 supplicationum
1096 2202 1133 2235 et
1165 2196 1313 2236 dierum
1348 2210 1416 2248 per
1447 2209 1545 2247 quos
1578 2195 1838 2247 supplicatum
1871 2200 1940 2234 est.

376 2276 419 2302 27.
438 2276 473 2302 23
508 2250 701 2302 Numerus
732 2275 866 2313 regum
898 2262 1186 2315 liberorumque
1218 2277 1353 2304 eorum
1377 2265 1416 2303 in
1442 2264 1650 2316 triumphis
1671 2263 1746 2302 illis
1768 2264 1987 2302 ductorum.

369 2343 473 2369 28—30
508 2331 702 2369 Numerus
734 2331 1004 2370 consulatuum
1038 2338 1075 2372 et
1107 2346 1298 2372 annorum
1331 2333 1557 2373 tribuniciae
1588 2331 1804 2384 potestatis.

252 2399 339 2450 Cap.
362 2399 389 2435 Y
422 2404 474 2449 (p.
500 2398 582 2449 23)

333 2479 344 2504 1
384 2479 424 2505 31.
445 2478 478 2504 32
516 2466 709 2505 Dictatura
740 2478 818 2504 non
850 2473 1015 2518 accepta.

372 2546 476 2573 32-35
513 2534 610 2573 Cura
641 2546 826 2572 annonae.

383 2615 424 2640 35.
445 2615 477 2640 36
515 2602 746 2641 Consulatus
779 2608 988 2654 perpetuus
1020 2616 1099 2642 non
1130 2610 1323 2656 acceptus.

254 2670 339 2719 Cap.
363 2669 408 2706 Π
440 2670 493 2720 (p.
518 2670 600 2719 28).

337 2749 345 2773 1
378 2749 408 2775 3?
435 2767 469 2774 ..
516 2738 613 2776 Cura
644 2738 770 2787 legum
803 2743 840 2775 et
871 2750 1025 2776 morum
1058 2754 1135 2780 non
1167 2747 1332 2793 accepta,
1368 2746 1551 2792 usurpata
1573 2745 1744 2791 potestas
1768 2737 1987 2777 tribunicia.

338 2823 348 2846 1
519 2810 690 2861 Collegae
723 2811 947 2849 tribuniciae
979 2810 1194 2862 potestatis.

257 2877 343 2927 Cap.
367 2877 427 2914 ΥΙΙ
462 2878 514 2928 (p.
539 2878 620 2927 31).

340 2957 350 2981 1
383 2975 390 2982 .
410 2975 417 2982 .
439 2975 445 2982 .
520 2945 713 2983 Triumvir
744 2958 773 2983 r.
797 2958 832 2996 p.
856 2958 886 2983 c.

340 3024 349 3048 1
392 3024 431 3050 44.
452 3025 484 3051 45
524 3012 705 3063 Princeps
737 3018 905 3051 senatus.

341 3091 352 3116 1
391 3091 485 3118 4546
527 3080 754 3118 Sacerdotia.
