2144 3498
182 1211 513 1279 Commentarius
545 1252 675 1278 rerum
707 1246 917 1290 gestarum,
949 1252 1063 1290 quem
1097 1240 1143 1279 ab
1164 1241 1338 1291 Augusto
1371 1240 1500 1291 paucis
1533 1244 1620 1278 ante
1643 1245 1807 1278 mortem
1831 1239 1977 1278 mensi-

181 1308 251 1347 bus
294 1308 556 1359 conscriptum
599 1321 682 1346 esse
725 1308 771 1346 ad
810 1308 1101 1359 inscriptionem
1140 1309 1390 1359 exposuimus
1429 1307 1529 1357 (vide
1566 1307 1662 1345 infra
1695 1320 1731 1358 p.
1762 1308 1815 1355 l),
1854 1307 1977 1359 capita

179 1377 450 1428 complectitur
480 1376 651 1427 quinque
682 1382 719 1415 et
759 1376 933 1427 triginta,
977 1389 1055 1414 non
1095 1382 1295 1415 numerata
1336 1375 1511 1427 quidem,
1550 1375 1615 1413 sed
1653 1375 1833 1414 distincta
1863 1388 1976 1415 versu

179 1445 306 1497 primo
338 1445 543 1483 eminente.
586 1444 637 1483 Ea
669 1457 756 1483 cum
791 1445 920 1483 eadem
956 1444 1032 1483 siut
1065 1444 1101 1482 in
1136 1444 1280 1483 Latinis
1313 1443 1544 1494 Graecisque
1574 1443 1665 1493 (nisi
1695 1443 1798 1493 quod
1829 1443 1976 1483 addita—

180 1521 355 1552 mentum
387 1513 483 1552 alius
515 1513 684 1552 auctoris
718 1513 850 1552 Latine
883 1513 1066 1551 dividitur
1098 1512 1135 1550 in
1159 1512 1280 1564 capita
1303 1519 1499 1563 quattuor,
1532 1512 1673 1550 Graece
1695 1511 1974 1559 continuatur),

179 1581 309 1620 eadem
353 1581 466 1619 etiam
507 1581 545 1619 in
577 1582 752 1632 exemplo
785 1582 983 1632 Ancyrano
1016 1588 1053 1619 et
1084 1580 1361 1632 Apolloniensi,
1402 1580 1483 1618 iure
1517 1582 1733 1619 referentur
1763 1581 1809 1619 ad
1847 1580 1975 1632 ipsum

178 1651 395 1701 Augustum
430 1650 486 1688 vel
518 1656 620 1688 certe
652 1650 697 1688 ad
729 1650 981 1701 archetypum
1015 1649 1285 1688 commentarii
1317 1648 1512 1699 exemplar
1543 1648 1581 1686 iu
1615 1648 1709 1686 urbe
1741 1648 1974 1699 expositum,

178 1718 306 1769 itaque
337 1730 408 1757 nos
440 1731 594 1769 quoque
616 1731 693 1757 non
717 1718 979 1757 dubitavimus
1001 1719 1214 1757 secundum
1237 1730 1279 1756 ea
1301 1717 1626 1756 commentarium
1658 1716 1769 1755 edere
1802 1718 1977 1756 numeris

178 1787 347 1833 adiectis,
379 1800 614 1838 quamquam
648 1787 728 1838 ipsa
760 1787 980 1825 distributio
1013 1799 1148 1838 parum
1183 1785 1390 1837 probabilis
1423 1791 1479 1823 est
1502 1791 1539 1823 et
1561 1798 1673 1836 saepe
1696 1786 1829 1824 eodem
1854 1785 1976 1837 capite

177 1855 303 1906 agitur
342 1856 386 1894 de
427 1855 542 1893 rebus
581 1854 753 1893 diversis.
815 1856 899 1906 Ipse
938 1855 1242 1894 commentarius
1285 1854 1499 1905 tripertitus
1532 1859 1609 1892 est:
1648 1853 1774 1904 agitur
1804 1853 1976 1905 primum

176 1924 221 1962 de
244 1923 456 1962 honoribus
480 1923 517 1961 in
540 1923 758 1973 Augustum
792 1923 950 1968 collatis,
985 1923 1020 1961 id
1053 1929 1111 1962 est
1143 1923 1187 1960 de
1214 1922 1500 1973 magistratibus
1523 1922 1747 1961 sacerdotiis
1771 1922 1977 1974 triumphis

176 1991 409 2043 reliquisque
450 1990 640 2029 similibus
683 1991 814 2029 multis
846 1998 883 2029 et
916 1990 1027 2029 variis
1060 1990 1313 2040 (c.1-x1v)‚.
1340 1991 1477 2029 deinde
1514 1991 1558 2029 de
1592 1989 1778 2041 impensis
1810 2003 1905 2040 quas
1939 1991 1977 2029 in

175 2072 257 2099 rem
280 2059 471 2112 publicam
496 2059 540 2098 de
563 2072 633 2098 suo
666 2060 753 2098 fecit
784 2060 832 2109 (c.
858 2060 1078 2110 xv—xxiv),
1111 2059 1276 2109 denique
1308 2060 1353 2098 de
1386 2059 1501 2097 rebus
1533 2058 1649 2109 gestis
1681 2071 1772 2110 pace
1803 2058 1978 2110 belloque

175 2129 224 2179 (c.
247 2128 516 2178 xxv—xxxv);
550 2127 676 2177 itaque
707 2128 771 2178 qui
807 2127 958 2165 titulum
989 2127 1145 2166 dictavit
1167 2140 1297 2166 rerum
1321 2133 1516 2178 gestarum
1540 2127 1615 2166 divi
1638 2127 1813 2178 Augusti,
1835 2127 1978 2177 quibus

175 2197 307 2236 orbem
348 2203 536 2235 terrarum
578 2195 739 2247 imperio
777 2195 907 2247 populi
940 2195 1101 2234 Romani
1134 2195 1381 2241 subiecisset,
1421 2201 1458 2234 et
1489 2195 1772 2246 impensarum,
1813 2208 1907 2246 quas
1938 2195 1977 2234 in

174 2277 254 2304 rem
277 2265 469 2316 publicam
493 2265 759 2316 populumque
783 2265 1046 2303 Romanorum
1086 2264 1250 2306 fecisset,
1284 2264 1448 2315 primam
1481 2269 1629 2315 partem
1663 2263 1806 2309 omisit,
1837 2276 1977 2303 secun-

174 2334 260 2373 dam
295 2334 524 2383 tertiamque
557 2332 724 2371 invertit.
786 2332 1031 2383 Quamquam
1070 2333 1316 2385 partitionem
1354 2332 1457 2370 illam
1491 2332 1687 2382 Augustus
1726 2338 1882 2371 secutus
1919 2340 1978 2372 est

173 2403 211 2441 in
244 2403 471 2442 universum
504 2407 654 2440 tantum
689 2402 770 2440 sine
803 2402 1027 2452 scrupulosa
1060 2401 1270 2440 anxietate:
1303 2401 1353 2439 ita
1387 2402 1425 2440 in
1457 2400 1583 2452 primo
1608 2406 1771 2439 tractatu
1796 2387 1859 2439 ubi
1882 2413 1977 2439 cen-

173 2471 295 2511 soriae
336 2469 539 2522 potestatis
583 2469 770 2514 meminit,
813 2469 917 2520 ipsos
964 2483 1117 2521 quoque
1159 2482 1297 2508 census
1335 2472 1419 2508 fuse
1456 2475 1609 2508 enarrat
1647 2472 1694 2517 (c.
1729 2470 1823 2519 vni),
1863 2469 1975 2508 tertio

172 2539 338 2578 inseruit
368 2551 445 2577 non
468 2538 593 2577 solum
617 2538 783 2576 honores
806 2550 893 2576 cum
918 2538 971 2577 rei
994 2538 1168 2590 publicae
1190 2538 1437 2577 restitutione
1459 2537 1699 2584 coniunctos,
1723 2538 1827 2589 quod
1848 2544 1977 2590 potest

174 2607 324 2647 defendi
356 2607 404 2658 (c.
428 2607 567 2657 xxxiv),
601 2607 668 2645 sed
701 2606 815 2645 etiam
850 2607 1004 2645 titulum
1029 2606 1146 2658 patris
1170 2606 1314 2657 patriae
1337 2606 1410 2645 sibi
1432 2606 1603 2645 oblatum
1629 2606 1676 2653 (c.
1700 2608 1832 2654 xxxv);
1865 2605 1975 2645 deui-

173 2687 247 2727 que
278 2688 355 2715 non
388 2688 507 2726 pauca
539 2681 642 2721 sunt,
674 2687 771 2725 quae
802 2675 883 2726 pari
916 2675 997 2713 iure
1030 2681 1067 2714 et
1097 2675 1224 2726 primo
1253 2682 1290 2714 et
1315 2675 1425 2714 tertio
1448 2675 1574 2713 ordini
1596 2674 1729 2714 inferri
1751 2680 1974 2726 potuerunt.

174 2744 401 2796 Diligentius
441 2750 570 2782 autem
603 2755 719 2793 quam
760 2743 927 2794 reliquas
960 2743 1053 2781 duas
1086 2743 1284 2793 Augustus
1316 2749 1519 2782 exsecutus
1550 2749 1609 2782 est
1639 2749 1787 2795 partem
1819 2743 1864 2782 de
1896 2742 1974 2781 im—

173 2813 302 2865 pensis
334 2812 373 2850 in
413 2824 495 2850 rem
535 2811 724 2863 publicam
763 2812 891 2859 factis,
933 2811 1098 2850 maxime
1138 2811 1249 2850 ludos
1287 2811 1576 2862 congiariaque;
1606 2824 1731 2862 neque
1761 2812 1799 2850 id
1831 2811 1973 2850 mirum

173 2887 231 2920 est
261 2881 300 2919 in
333 2880 444 2920 titulo
467 2880 610 2919 Romae
640 2881 838 2932 proposito
871 2880 1093 2931 scriptoque
1125 2879 1371 2931 potissimum
1405 2879 1505 2932 plebi
1532 2879 1711 2919 urbanae.
1768 2880 1811 2918 In
1843 2892 1973 2919 rerum

173 2949 321 2989 delectu
353 2948 602 2995 domesticas,
637 2954 680 2987 ut
709 2961 778 3000 par
809 2955 907 2995 erat,
940 2948 1138 2998 Augustus
1172 2948 1322 2987 silentio
1354 2947 1626 2999 praetermisit,
1664 2954 1708 2987 ut
1738 2960 1816 2987 non
1847 2948 1973 2986 solum

173 3017 355 3057 mulieres
395 3017 535 3056 domus
568 3017 650 3056 eius
681 3029 874 3068 nusquam
908 3022 1193 3062 memorentur,
1232 3017 1297 3055 sed
1330 3029 1377 3055 ne
1409 3016 1632 3067 adoptiones
1663 3016 1821 3067 quidem
1853 3015 1972 3066 signi—

173 3086 349 3125 ficentur.
409 3085 452 3124 In
483 3085 647 3137 publicis
687 3097 775 3124 cum
815 3098 907 3124 suos
942 3086 1110 3124 honores
1142 3097 1308 3135 suasque
1339 3096 1400 3123 res
1433 3090 1558 3134 gestas
1589 3096 1773 3123 enarrans
1804 3084 1971 3122 filiorum

174 3153 254 3192 Gaii
286 3153 393 3192 Lucii
423 3153 567 3192 Tiberii
608 3154 814 3204 generique
846 3153 1032 3205 Agrippae
1070 3152 1214 3204 passim
1255 3152 1487 3199 meminerit,
1528 3152 1632 3191 nullo
1670 3153 1753 3191 loco
1785 3164 1832 3190 ne
1864 3151 1971 3190 ducis
