2227 3452
796 125 1000 161 TITVLVS
1027 124 1293 161 TIBVRTINV
1296 124 1318 158 S
1867 132 1917 172 17
1923 131 1947 171 5

168 247 444 295 distinxerunt3
488 245 691 297 legendum
725 245 902 284 omnino:
949 245 1050 284 Nihil
1094 245 1143 283 ad
1186 250 1342 283 vetere-m
1471 243 1725 296 Sulpiciorum
1760 249 1948 299 famih'am

169 314 365 361 Quirinius
388 317 587 366 pertinuit,
628 316 785 366 impiyer
813 314 969 353 militiae
999 320 1032 352 et
1061 313 1210 352 acribus
1240 313 1457 351 vministeriis
1501 315 1733 354 consulatum
1860 330 1950 357 mox

168 385 327 434 insignia
356 383 540 434 triumphi
567 384 721 434 adeptus
753 382 930 434 datusque
960 388 1083 420 rector
1107 381 1146 420 C.
1172 381 1326 420 Caesari
1352 380 1566 420 Armeniam
1596 382 1781 423 obtinenti.
1844 385 1950 425 Tibe-

167 453 266 490 rium
295 462 436 503 quoque
467 450 590 490 Rhodi
625 457 788 502 agentem
827 451 1000 494 coluerat,
1039 451 1135 501 quod
1171 456 1258 488 truie
1282 450 1455 500 patefecit
1494 451 1533 487 iu
1562 457 1691 489 senatu
1724 452 1884 492 laudatis
1912 456 1952 492 iu

166 532 202 558 se
233 520 369 571 officiis
399 527 432 558 et
461 523 626 559 incusato
657 519 707 557 M.
739 518 869 565 Lollio,
901 530 1005 570 quem
1035 525 1223 556 auctorem
1257 517 1296 556 C.
1323 516 1479 557 Caesari
1508 520 1707 568 pravitatis
1744 527 1776 558 et
1807 521 1950 560 discor—

166 588 314 626 diarum
353 588 544 639 arquebat.
612 588 789 627 Coluerat
830 592 957 625 autem
998 585 1124 624 Rhodi
1161 585 1358 624 Tiberium
1398 585 1597 632 Quirinius
1638 593 1702 625 aut
1745 600 1776 626 a.
1801 589 1876 627 751
1912 589 1951 628 in

169 655 315 708 Syriam
348 656 594 708 proficiscens
624 663 691 695 aut
720 655 758 693 in
788 654 916 693 Asiam
947 654 1194 706 proficiscens
1225 654 1270 693 ad
1302 654 1616 706 proconsulatum
1650 655 1950 706 suscipiendum.

166 723 260 762 Nam
308 730 459 763 tantum
505 725 612 764 abest
656 730 699 763 ut
743 729 893 762 constet
938 723 1058 761 Roma
1111 736 1200 761 eum
1249 723 1294 761 ad
1347 722 1481 760 Gaium
1531 722 1696 769 venisse,
1745 730 1787 762 ut
1832 724 1953 775 magis

168 793 395 832 crediderim
440 795 539 832 forte
583 806 653 845 pro
699 792 856 831 consule
905 791 1033 830 Asiam
1080 798 1274 843 regentem
1325 791 1371 829 ab
1418 792 1590 841 Augusto
1636 791 1680 830 ad
1731 792 1852 831 lilium
1899 792 1953 831 ire

168 863 317 900 iussum
363 874 458 900 esse.
532 861 706 900 Vidimus
751 860 854 899 enim
896 873 984 899 eum
1022 860 1150 899 Asiam
1197 872 1327 911 regere
1369 859 1543 911 potuisse
1588 872 1656 911 per
1693 873 1724 899 a.
1750 859 1872 903 7556
1918 867 1956 900 et

167 929 346 981 deinceps
377 935 414 968 et
444 930 495 969 ita
525 943 568 968 eo
600 930 683 982 ipso
724 936 907 981 tempore,
949 942 1025 981 quo
1057 929 1200 968 Lollius
1241 928 1344 976 obiit,
1384 928 1422 966 in
1460 928 1546 967 Asia
1586 928 1758 980 potuisse
1801 929 1954 968 morari.

167 998 277 1044 Quod
327 997 358 1036 si
408 998 458 1037 ita
508 1000 649 1038 factum
703 1004 759 1037 est
809 1004 846 1037 et
903 998 991 1037 inde
1047 998 1094 1036 ab
1150 998 1285 1037 itinere
1343 998 1406 1037 illo
1466 998 1646 1037 continua
1704 998 1956 1037 dimoratione

167 1066 367 1113 Quirinius
398 1066 437 1104 in
470 1066 627 1106 Oriente
660 1068 813 1114 mansit,
852 1066 966 1105 etiam
1006 1080 1119 1105 causa
1151 1072 1319 1118 apparet,
1358 1079 1427 1105 cur
1457 1066 1495 1105 in
1526 1066 1607 1105 eius
1643 1067 1858 1106 laudatione
1891 1066 1957 1104 Ti-

167 1134 297 1174 berius
342 1135 613 1174 salutationem
660 1135 891 1174 Rhodiaeam
925 1142 962 1175 et
999 1135 1168 1174 officium
1215 1135 1261 1174 ab
1299 1148 1331 1174 a.
1356 1137 1434 1174 755
1476 1136 1515 1175 C.
1542 1136 1692 1175 Caesari
1738 1135 1951 1175 exhibitum

167 1203 420 1242 coniunxerit.
466 1227 519 1230 —
564 1203 726 1256 Nuptiae
778 1210 925 1251 autem,
977 1217 1071 1255 quas
1117 1204 1316 1250 Quirinius
1368 1217 1457 1243 eum
1503 1204 1642 1255 Lepida
1688 1204 1798 1252 feeit,
1848 1204 1956 1243 facile

167 1272 442 1323 expediuntur3
474 1284 562 1310 nam
595 1285 683 1311 cum
715 1278 866 1311 constet
898 1272 1125 1311 Suetonium
1162 1273 1260 1319 (Tib.
1284 1273 1353 1324 49)
1384 1273 1510 1324 paullo
1541 1273 1733 1312 liberalius
1764 1273 1864 1312 inter
1894 1285 1956 1311 eas

166 1340 333 1392 nuptias,
365 1353 461 1391 quae
493 1347 580 1379 ante
604 1342 718 1379 linem
741 1354 772 1379 a.
798 1342 876 1379 755
899 1341 1082 1380 celebrari
1111 1354 1186 1379 non
1210 1347 1431 1393 potuerunt⁷
1463 1348 1500 1380 et
1521 1342 1802 1380 accusationem
1827 1355 1858 1380 a.
1877 1341 1955 1380 773

166 1421 391 1447 numerasse
413 1421 534 1448 annos
557 1409 702 1459 viginti,
725 1409 816 1459 qnid
840 1409 1010 1461 impedit,
1043 1410 1252 1461 quominus
1275 1411 1430 1462 nuptiae
1452 1411 1662 1450 reiciantur
1683 1417 1772 1462 post
1793 1410 1958 1457 Quirinii

167 1489 210 1515 ex
241 1477 345 1528 Syria
377 1477 544 1516 reditum
576 1477 620 1515 ad
652 1490 684 1515 a.
717 1490 747 1516 c.
773 1476 883 1516 757?
943 1479 1052 1524 Quod
1086 1479 1117 1517 si
1149 1479 1210 1518 cui
1249 1479 1414 1530 spatium
1456 1480 1622 1519 sedecim
1660 1492 1849 1519 annorum
1888 1492 1957 1531 pro

166 1545 300 1596 viginti
333 1546 508 1586 Suetonii
539 1546 752 1598 displiceat,
785 1553 902 1598 ponat
933 1548 1115 1599 Lepidam
1147 1548 1324 1594 Quirinio
1356 1548 1535 1600 nupsisse
1575 1554 1641 1588 ant
1683 1555 1770 1588 ante
1807 1551 1958 1600 prosec-

168 1615 310 1654 tionem
344 1615 485 1654 Romae
517 1621 583 1654 aut
613 1615 650 1653 in
684 1615 814 1666 δμὼς
847 1623 947 1655 certe
979 1630 1092 1655 nemo
1126 1617 1281 1655 refellet.

299 1684 335 1723 3.
382 1684 514 1723 Restat
556 1684 784 1723 notissimus
826 1685 932 1724 locus
964 1685 1088 1724 Lucae
1117 1685 1152 1732 2,
1190 1687 1227 1723 1:
1275 1683 1439 1735 ἕγένειο
1479 1684 1525 1724 δὲ
1563 1684 1607 1725 ἐν
1644 1691 1740 1731 ταῖς
1782 1682 1960 1738 ἠμέραις

168 1747 368 1801 ἐκείναις,
401 1752 584 1806 ἐξῆλθεν
615 1751 757 1805 δόγμα
790 1753 911 1806 παρὰ
950 1756 1167 1807 Καίσαρος
1206 1751 1460 1804 ,[ῧγοιῖσιου
1493 1751 1836 1806 ἀπογράφεσθαι
1872 1754 1959 1793 πᾶ-

170 1832 250 1861 σαν
294 1821 370 1874 τὴν
408 1822 686 1876 οἰκουμένην·
734 1819 840 1875 αὕτη
883 1819 1116 1876 ἆπογρα([η
1150 1821 1296 1875 πρώτη
1330 1821 1494 1872 ἐγένετο
1528 1819 1858 1876 ἡγεμονεύοντος
1888 1822 1960 1875 τῆς

169 1891 328 1941 Συρίας
369 1892 579 1943 Κυρηνίου
619 1891 691 1942 (sie
722 1892 803 1930 cod.
838 1891 1063 1939 Sinaiticus;
1110 1894 1322 1944 Κηρυνίου
1355 1892 1438 1930 cod.
1471 1891 1593 1938 Alex.3
1632 1892 1845 1942 Κυρείνου
1876 1891 1958 1929 cod.

169 1958 317 2005 Vatic.).
370 1958 420 1997 De
453 1972 528 2010 quo
560 1966 764 2012 postquam
799 1967 854 1999 tot
885 1960 955 1998 viri
987 1960 1088 1999 docti
1121 1967 1194 1998 tam
1230 1960 1349 1999 multa
1381 1960 1570 2005 dixerunt,
1603 1972 1671 2011 ego
1702 1972 1746 1998 ne
1780 1959 1959 1998 volumen

169 2027 430 2075 conscribam,
470 2028 516 2066 ab
555 2029 659 2067 omni
700 2029 873 2081 priorum
912 2036 949 2068 et
986 2029 1285 2080 reprehensione
1323 2036 1361 2068 et
1391 2029 1608 2068 laudatione
1639 2028 1834 2067 abstinens
1867 2028 1959 2067 satis

169 2096 316 2135 habebo
356 2109 479 2136 meam
521 2098 752 2137 sententiam
785 2097 951 2136 breviter
982 2097 1266 2148 significavisse.
1328 2097 1452 2136 Lucae
1483 2098 1528 2136 de
1559 2098 1629 2136 hae
1661 2110 1699 2136 re
1731 2096 1831 2148 quod
1854 2102 1958 2136 attu-

168 2164 286 2204 limus
315 2165 579 2204 testimonium
606 2167 716 2217 plane
749 2167 962 2205 solitarium
993 2174 1061 2213 est,
1092 2180 1179 2205 nam
1212 2167 1356 2217 reliqua
1384 2166 1574 2218 evangelia
1603 2166 1647 2204 de
1677 2179 1790 2205 censu
1823 2171 1958 2212 tacent,

171 2234 378 2286 scriptores
409 2241 536 2273 autem
568 2235 813 2274 ecelesiastici
842 2249 886 2274 ex
910 2235 1010 2275 Luca
1037 2237 1206 2288 pendent
1229 2248 1375 2274 omnes.
1437 2236 1547 2281 Quod
1569 2235 1681 2274 etiam
1708 2236 1743 2274 in
1769 2235 1958 2274 lustinum

169 2303 302 2341 cadere
344 2308 493 2342 constat
530 2316 617 2342 cum
656 2317 700 2342 ex
735 2304 927 2343 librorum
966 2305 1046 2343 eius
1084 2304 1262 2343 universa
1298 2304 1426 2343 indole
1461 2305 1512 2355 (v.
1550 2305 1699 2344 Straul's
1735 2303 1800 2342 das
1841 2302 1961 2342 Lebeu

172 2371 262 2410 Jesu
291 2366 360 2422 [ἄν
391 2372 457 2410 das
494 2372 584 2411 Vollc
614 2386 649 2424 p.
675 2373 726 2412 56
750 2375 823 2424 sq.)
862 2380 942 2412 tum
982 2387 1026 2411 ex
1062 2374 1347 2425 comparatione
1384 2373 1615 2412 narrationis
1652 2372 1733 2411 eius
1770 2372 1814 2410 de
1843 2384 1960 2410 censu

170 2440 243 2478 hoe
279 2439 441 2492 (apolog.
475 2441 489 2479 Ι
525 2454 556 2479 e.
589 2441 653 2479 34.
693 2442 770 2490 463
807 2442 893 2481 dial.
931 2456 1018 2481 cnm
1056 2443 1197 2494 Tryph.
1235 2455 1265 2480 c.
1290 2442 1359 2492 73)
1395 2454 1482 2480 cum
1521 2441 1645 2480 Lucae
1682 2440 1805 2479 verbis
1843 2452 1959 2491 supra

170 2509 319 2557 relatis3
357 2522 444 2548 nam
484 2522 597 2561 quem
640 2510 761 2549 Lucas
797 2518 900 2550 recte
937 2511 1101 2563 appellat
1136 2511 1302 2561 legatum
1343 2510 1491 2562 Syriae,
1529 2522 1616 2549 eun]
1653 2509 1825 2548 Iustinus
1862 2509 1959 2547 male

173 2576 263 2615 feeit
298 2584 586 2628 procuratorem
625 2579 781 2618 Iudaeae
819 2580 858 2631 (l.
896 2593 927 2619 c.
965 2580 1111 2631 apolog.
1149 2579 1163 2617 1
1199 2592 1231 2618 c.
1267 2580 1338 2617 34:
1384 2575 1437 2625 ὡς
1468 2578 1536 2617 καὶ
1572 2580 1735 2631 μαθεῖν
1766 2572 1962 2616 δύνασθε

172 2642 216 2683 ἐκ
246 2646 334 2684 τῶν
364 2643 631 2699 ἀπογραφῶν
661 2648 744 2687 τῶν
774 2646 1014 2701 γενομένων
1043 2647 1114 2687 ἐπὶ
1146 2649 1360 2700 Κυρηνίου
1392 2647 1466 2686 τοῦ
1490 2643 1690 2699 ὑμετέρου
1712 2642 1962 2695 ἐνἸουδαίᾳ

175 2710 348 2765 πρώτου
379 2716 610 2766 γενομένου
644 2713 918 2767 ἐπιτρόπου),
957 2717 1099 2756 scilieet
1138 2716 1322 2755 memoria
1358 2716 1488 2754 minus
1524 2716 1596 2754 fida
1634 2721 1676 2754 ut
1711 2715 1807 2753 solet
1839 2715 1960 2753 citans

173 2787 211 2820 et
241 2782 338 2821 male
367 2782 538 2833 cogitans
567 2783 612 2822 de
641 2783 701 2822 sui
729 2784 914 2835 temporis
945 2790 1194 2836 procuratore
1216 2783 1346 2835 Syriae
1368 2783 1603 2822 Palaestinae
1627 2783 1796 2834 (Henzen
1821 2781 1959 2832 5530).

173 2872 225 2877 —
262 2850 385 2889 Lucas
416 2857 546 2890 autem
575 2852 657 2903 ipse
689 2852 749 2891 illa
781 2852 952 2891 scribens
982 2853 1021 2891 in
1055 2859 1183 2891 mente
1215 2852 1348 2891 habuit
1383 2865 1480 2903 qnae
1510 2852 1695 2904 Iosephus
1732 2853 1754 2890 l.
1780 2852 1829 2889 17
1867 2856 1960 2889 extr.

174 2919 228 2958 sie
263 2921 401 2958 refert:
448 2919 518 2972 τῆς
558 2918 786 2973 Ἀρχελάου
830 2919 970 2973 χώρας
1015 2918 1251 2966 ὑποτελοῦς
1297 2922 1678 2974 προσνεμηθείσης
1722 2920 1772 2975 τῇ
1813 2916 1962 2970 Σύρων

174 2988 395 3040 πέμπεται
433 2987 644 3041 Κυρήνιος
674 2983 761 3029 ὑπὸ
802 2991 1020 3042 Καίσαρος
1051 2986 1157 3043 ἀνὴρ
1188 2986 1399 3035 ὑπατικὸς
1430 2985 1805 3041 ἆποτιμησόμενος
1835 2984 1888 3025 τὰ
1918 2984 1963 3026 ἒν

174 3057 326 3109 Συρίᾳ,
358 3056 451 3096 item
473 3057 496 3096 l.
522 3057 571 3097 18
593 3057 666 3097 in.:
706 3056 915 3111 Κυρήνιος
947 3055 1008 3105 δέ,
1042 3058 1124 3097 τῶν
1155 3057 1215 3104 εἷς
1238 3056 1312 3110 τὴν
1332 3055 1493 3110 βουλὴν
1513 3056 1816 3109 συναγομένων
1837 3051 1960 3107 ἀνήρ,
