2227 3452
817 163 1021 200 TITVLVS
1047 164 1279 201 TIBVRTIN
1282 165 1340 201 VS
1886 172 1906 211 1
1915 171 1966 211 67

190 296 257 336 per
293 296 324 322 a.
359 284 450 322 751.
483 283 574 321 752.
635 283 730 322 Nam
762 296 850 323 cum
882 283 1038 323 solitum
1068 284 1268 335 legationis
1299 290 1452 336 tempus
1485 284 1693 325 triennium
1722 287 1848 334 fuerit,
1879 288 1968 326 reli-

190 352 255 403 qui
280 351 332 391 ita
353 364 436 391 sese
457 351 664 403 excipiunt,
696 358 739 391 ut
759 351 911 391 difficile
932 352 1096 403 aliquem
1127 353 1252 392 ordini
1282 352 1504 403 interponas
1513 366 1524 400 ;
1552 359 1590 392 et
1620 367 1853 405 quamquam
1886 355 1969 394 fieri

190 433 280 459 sane
310 426 449 471 potest,
492 426 534 459 ut
570 420 752 459 exciderit
780 433 881 459 unus
912 421 1052 459 alterve
1081 421 1226 472 legatus
1257 421 1601 460 administrationis
1633 422 1742 461 solita
1771 423 1967 471 brevioris,

188 488 249 526 vix
293 488 471 527 credibile
515 495 573 527 est
616 489 793 527 neutrius
837 489 1180 528 administrationis
1224 489 1337 540 legati
1390 489 1490 528 tituli
1538 489 1730 528 Tiburtini
1774 497 1969 542 praeterea

190 556 419 595 memoriam
458 556 573 596 ullam
614 569 814 608 superesse
853 564 891 596 et
931 569 1072 596 nomen
1111 557 1282 596 eiusdem
1323 557 1394 595 viri
1429 557 1468 596 in
1505 558 1686 596 laterculo
1721 558 1785 596 illo
1822 559 1968 599 duobus

189 624 281 664 locis
320 625 539 664 desiderari.
599 624 723 672 Quam
754 625 802 664 ob
832 638 913 664 rem
947 625 1097 665 videtur
1126 626 1158 665 is
1190 627 1235 665 de
1265 639 1341 677 quo
1373 626 1499 676 agitur
1529 632 1566 665 et
1592 626 1694 664 inter
1715 639 1780 665 eos
1802 640 1967 677 quorum

189 693 346 732 nomina
376 693 579 745 posuimus
610 692 852 743 quaerendus
883 703 966 729 esse
997 698 1034 730 et
1062 691 1219 730 alteram
1245 697 1370 730 utram
1392 690 1621 742 legationem
1644 691 1969 732 ad111i11istravisse

189 774 220 800 c.
243 774 274 800 a.
300 763 390 800 751.
422 785 475 789 -
512 762 567 800 Ex
607 774 720 813 supra
762 759 970 799 nominatis
1006 765 1158 811 praeter
1187 759 1417 807 Varronem,
1455 772 1571 811 quem
1607 760 1775 810 legatum
1806 761 1970 811 Augusti

189 830 306 869 fuisse
337 830 572 881 negavimus,
606 836 648 869 ut
674 828 908 880 antiquiores
929 828 981 867 ita
1003 828 1226 868 Ciceronem
1249 841 1401 880 quoque
1423 835 1460 867 et
1481 828 1625 867 Titium
1647 829 1781 868 aetatis
1802 829 1969 868 rationes

188 898 408 945 excludunt,
454 911 550 948 quae
596 897 655 936 vix
692 897 893 949 patiuntur
924 910 1057 936 eorum
1090 910 1323 948 quemquam
1356 910 1387 935 a.
1422 897 1499 936 767
1531 897 1645 936 etiam
1680 903 1761 936 tum
1799 897 1838 936 in
1876 897 1970 936 vivis

187 967 316 1013 fuisse,
362 967 524 1005 maxime
564 979 651 1005 cum
683 966 715 1005 is
746 978 860 1017 quem
892 965 1114 1016 quaerimus
1145 965 1203 1005 bis
1237 965 1365 1017 Syriae
1396 965 1603 1017 praefuerit
1639 965 1767 1017 itaque
1808 972 1971 1017 utraque

186 1035 337 1086 legatio,
379 1042 419 1074 ut
458 1035 598 1074 horum
638 1035 746 1074 alteri
792 1035 867 1074 utri
912 1035 1034 1081 detur,
1081 1041 1169 1073 ante
1205 1047 1237 1073 a.
1272 1034 1347 1073 731
1383 1035 1602 1073 collocanda
1647 1034 1707 1081 sit,
1754 1034 1828 1073 nisi
1873 1037 1970 1073 forte

189 1104 262 1143 hoc
302 1103 414 1156 ponis
460 1103 636 1154 ignotum
675 1103 784 1142 illum
821 1104 987 1153 legatum
1025 1102 1196 1154 primum
1235 1110 1322 1142 ante
1359 1117 1390 1142 a.
1425 1102 1516 1148 731,
1548 1102 1684 1141 deinde
1714 1115 1782 1155 per
1811 1116 1844 1141 a.
1878 1104 1969 1141 751.

189 1172 267 1211 752
299 1172 429 1224 Syriae
460 1172 682 1224 praefuisse.
742 1172 785 1210 In
816 1172 997 1211 Cicerone
1027 1171 1183 1218 accedit,
1215 1172 1316 1223 quod
1347 1185 1366 1210 a
1398 1171 1530 1210 bellica
1561 1172 1672 1210 laude
1709 1184 1798 1210 eum
1829 1172 1970 1211 afuisse

188 1248 350 1280 constat.
410 1241 552 1280 Varum
585 1253 697 1280 nemo
727 1241 877 1291 ignorat
921 1241 1103 1280 occidisse
1134 1240 1217 1279 vivo
1249 1241 1443 1291 August03
1474 1247 1670 1291 praeterea
1707 1253 1776 1291 pro
1814 1240 1971 1279 consule

186 1309 364 1356 Africam,
397 1322 474 1348 non
505 1309 632 1349 Asiam
664 1310 761 1348 rexit
789 1309 987 1360 (Borghesi
1019 1322 1105 1360 opp.
1133 1311 1166 1356 l,
1198 1309 1309 1360 301).
1369 1309 1565 1349 Volusium
1595 1309 1845 1348 Saturninum
1878 1309 1970 1348 item

186 1384 337 1417 constat
366 1391 435 1429 pro
467 1379 623 1417 consule
654 1378 820 1417 Africam
858 1377 1148 1417 administrasse
1179 1378 1378 1428 (Borghesi
1408 1378 1431 1417 l.
1454 1391 1486 1416 c.
1508 1391 1544 1429 p.
1568 1377 1647 1416 312
1671 1378 1757 1428 sq).
1819 1378 1971 1417 Silanus

186 1459 275 1485 cum
308 1446 437 1497 Syriae
469 1453 556 1498 post
586 1452 750 1485 mortem
781 1447 944 1497 Augusti
980 1459 1157 1498 praeesse
1194 1460 1271 1485 non
1302 1446 1468 1493 desierit,
1509 1446 1693 1485 dicendus
1724 1446 1796 1486 l'uit
1825 1447 1970 1497 legatus

185 1527 264 1553 non
295 1514 371 1553 divi
401 1515 577 1566 Augusti,
610 1515 676 1553 sed
707 1515 782 1553 divi
812 1515 974 1566 Augusti
1012 1522 1050 1554 et
1079 1515 1134 1553 Ti.
1168 1514 1338 1553 Caesaris
1369 1515 1543 1565 Augusti.
1577 1538 1629 1542 —
1660 1515 1707 1554 Et
1745 1515 1790 1554 ad
1830 1515 1969 1553 horum

186 1583 341 1634 quidem
378 1584 528 1622 nullum
573 1584 726 1623 titulum
758 1584 803 1622 de
833 1597 909 1635 quo
940 1584 1089 1635 agimus
1135 1590 1307 1635 spectare
1343 1596 1479 1622 omnes
1517 1584 1785 1631 consentiunt3
1826 1589 1972 1622 restant

186 1658 275 1698 tres,
308 1651 373 1703 qui
402 1659 585 1703 patronos
617 1653 717 1692 nacti
749 1659 850 1699 sunt,
883 1653 932 1691 M.
954 1653 1131 1704 Agrippa,
1163 1652 1201 1691 C.
1227 1652 1382 1691 Sentius
1416 1651 1661 1699 Saturninus,
1701 1652 1742 1690 Ρ.
1777 1652 1970 1703 Sulpicius

185 1721 395 1768 Quirinius.
427 1743 482 1750 —
511 1722 568 1760 Ad
599 1722 803 1773 Agrippam
844 1721 998 1760 titulum
1039 1721 1187 1760 rettulit
1218 1721 1438 1760 lluschkius
1470 1720 1578 1771 (iiber
1618 1721 1688 1759 den
1722 1720 1859 1759 Census
1899 1732 1972 1759 zur

185 1790 261 1829 Zee‘t
290 1790 355 1828 cler
389 1789 527 1828 Geburc
555 1791 647 1829 Jesu
680 1790 817 1832 Christi
843 1804 878 1841 p.
902 1791 953 1829 65
977 1791 1064 1841 sq),
1096 1791 1162 1829 sed
1192 1789 1372 1829 refutavit
1402 1796 1666 1828 commentum
1683 1789 1788 1827 nullo
1819 1788 1970 1840 negotio

185 1858 419 1908 Borghesius
458 1859 576 1910 (apud
617 1858 838 1898 llenzenum
871 1872 906 1897 n.
933 1859 1040 1898 5366
1063 1879 1109 1891 Ξ
1134 1871 1220 1910 opp.
1245 1857 1379 1904 &12ss
1398 1871 1452 1908 sq.
1487 1858 1565 1896 *198
1597 1858 1696 1909 sq.);
1742 1858 1886 1897 scilicet
1931 1865 1973 1897 ut

185 1926 256 1965 alia
292 1926 465 1973 mittam,
510 1926 675 1979 Agrippa
721 1939 932 1978 numquam
975 1940 1044 1978 pro
1090 1927 1246 1965 consule
1297 1926 1426 1965 Asiam
1478 1926 1759 1965 administrzwit
1803 1933 1840 1966 et
1884 1934 1971 1966 ante

184 1995 401 2046 Augustum
419 2003 597 2035 mortuus
614 2002 691 2043 est3
711 1995 749 2034 id
768 2008 867 2042 vero,
889 2010 965 2048 quo
982 1997 1155 2046 confugit
1171 1995 1402 2039 lluschkius,
1426 1995 1581 2034 titulum
1598 1995 1784 2046 Agrippae
1802 1995 1970 2046 positum

185 2076 268 2102 esse
289 2065 502 2115 imperante
520 2064 684 2111 Tiberio,
718 2077 841 2115 neque
864 2066 940 2104 ullo
961 2065 1133 2117 exemplo
1156 2064 1373 2103 defenditur
1394 2070 1432 2102 et
1453 2076 1497 2102 eo
1518 2063 1629 2115 plane
1650 2065 1844 2111 evertitur,
1868 2064 1972 2114 quod

185 2144 356 2171 marmor
387 2132 634 2171 Tiburtinum
669 2139 744 2171 tam
775 2140 932 2184 propter
967 2134 1107 2180 locum,
1148 2133 1187 2171 in
1226 2145 1302 2184 quo
1338 2132 1539 2171 inventum
1571 2138 1638 2178 est,
1670 2144 1784 2182 quam
1816 2138 1972 2183 propter

186 2200 360 2240 habitum
383 2207 584 2240 externum
608 2201 690 2240 sine
713 2201 788 2240 ullo
810 2202 925 2240 dubio
947 2202 1113 2253 elogium
1137 2201 1208 2241 fuit
1229 2200 1405 2252 sepulcri.
1423 2222 1478 2228 -
1496 2200 1749 2239 Saturninum
1770 2200 1973 2252 proposuit

185 2269 335 2321 primus
366 2270 632 2321 Bergmannus
664 2270 782 2321 (apud
814 2271 1054 2309 Gerllardum
1076 2270 1247 2309 Archa'ol.
1271 2270 1451 2320 Anzeiyer
1471 2283 1503 2308 a.
1532 2269 1634 2308 1850
1658 2283 1694 2320 p.
1721 2269 1814 2317 172)
1846 2269 1970 2321 primo

185 2338 287 2388 quod
309 2350 414 2377 nunc
434 2345 493 2377 est
515 2338 614 2378 tituli
636 2339 819 2377 vocabulo
842 2340 977 2378 mutilo
995 2339 1239 2378 Germaniam
1262 2346 1368 2378 ratus
1386 2338 1596 2386 nominari3
1618 2351 1734 2390 quam
1751 2337 1972 2389 opinionem

185 2419 273 2445 cum
298 2419 386 2445 mox
407 2407 489 2459 ipse
510 2407 720 2455 abiecisset,
744 2408 789 2446 de
810 2408 971 2447 lectione
996 2408 1095 2447 tituli
1116 2408 1274 2447 edoctus
1299 2408 1455 2454 veriora,
1477 2420 1559 2446 eam
1584 2407 1752 2458 suscepit
1770 2407 1972 2458 Zumptius

186 2488 257 2514 nec
287 2476 417 2527 paucis
448 2489 531 2515 eam
552 2476 757 2527 explicavit
789 2482 944 2523 (comm.
967 2477 1162 2528 epigral‘ih.
1196 2477 1232 2524 2,
1260 2476 1336 2514 122
1360 2477 1447 2527 sq).
1478 2498 1533 2504 —-
1564 2477 1705 2516 Contra
1737 2475 1803 2526 qui
1824 2476 1972 2526 primus

187 2544 232 2583 de
264 2544 374 2583 titulo
405 2545 606 2596 diligenter
650 2545 726 2596 egit
758 2545 1063 2584 Sanclementius
1109 2558 1198 2584 eum
1245 2558 1445 2596 superesse
1489 2545 1584 2584 dixit
1629 2558 1673 2583 ex
1719 2549 1972 2582 monumento

186 2612 226 2652 P.
260 2612 418 2664 Sulpicii
449 2613 615 2659 Quirinii
647 2615 686 2661 tl.
710 2627 741 2653 c.
775 2627 810 2665 p.
834 2614 929 2657 418)
963 2627 1122 2664 eamque
1164 2614 1436 2653 Sanclementii
1477 2613 1697 2665 opinionem
1739 2612 1803 2663 qui
1841 2618 1973 2662 postea

186 2681 224 2719 in
270 2693 353 2719 eam
399 2694 480 2720 rem
525 2682 809 2733 inquisiverunt
854 2682 980 2721 idonei
1024 2688 1199 2720 auctores
1232 2695 1320 2721 cum
1365 2682 1426 2720 alii
1468 2688 1551 2720 tum
1584 2680 1816 2731 Borghesius
1848 2679 1971 2730 (l.c.),

187 2748 390 2787 Henzenus
423 2748 466 2800 (l.
499 2751 562 2800 c.)‚
594 2749 848 2801 Nipperdeius
880 2750 941 2797 (ad
977 2750 1065 2788 Tac.
1103 2762 1191 2788 ann.
1229 2750 1265 2796 3,
1299 2750 1366 2797 48)
1399 2750 1570 2789 unanimi
1615 2761 1806 2788 consensu
1851 2748 1974 2787 secuti

189 2822 291 2855 sunt.
351 2816 482 2868 Neque
513 2830 581 2868 ego
612 2830 750 2857 novam
791 2826 828 2858 et
867 2819 1106 2857 reconditam
1149 2819 1362 2857 doctrinam
1400 2820 1574 2869 profero,
1617 2818 1683 2856 sed
1714 2817 1851 2855 iisdem
1882 2816 1972 2855 viris

189 2885 311 2924 doctis
356 2885 542 2924 adsensus
587 2886 752 2925 breviter
797 2887 1069 2926 demonstrabo
1114 2887 1284 2938 primum
1332 2886 1487 2925 titulum
1533 2887 1577 2925 ad
1615 2888 1654 2925 C.
1693 2885 1870 2924 Sentium
1902 2886 1973 2924 Sa-

190 2954 392 2993 turninum
415 2960 586 3005 spectare
616 2966 694 2993 non
724 2968 848 3005 posse,
881 2954 1017 2993 deinde
1046 2954 1086 2993 in
1117 2954 1292 3000 Quirinio
1322 2967 1400 2993 non
1432 2956 1555 2994 solum
1587 2955 1682 2993 nihil
1712 2954 1874 3000 obstare,
1906 2954 1972 2992 sed

189 3022 328 3061 indicia
358 3035 511 3073 quoque
541 3035 638 3074 quae
669 3036 784 3075 supra
814 3022 1093 3069 recensuimus,
1124 3022 1289 3062 maxime
1320 3024 1493 3063 omnium
1525 3022 1751 3075 primarium
1780 3021 1970 3073 duplicem
