2269 3409
315 114 399 148 XVI

317 232 419 269 veuit
458 243 475 267 a
514 228 635 279 prima
673 225 807 277 pagina
853 224 897 262 ad
936 222 1139 274 septimam
1173 220 1374 259 decimam.
1443 219 1560 258 Fiunt
1597 233 1729 259 versus
1769 220 1934 272 exempli
1972 221 2104 260 Graeci

316 312 448 337 (nunes
485 301 638 346 excepta
678 292 924 344 inscriptione
962 290 1060 335 436,
1103 295 1145 327 ut
1180 288 1217 326 in
1258 288 1480 326 universum
1522 300 1655 327 versus
1687 289 1844 328 Latinus
1875 289 2107 340 respondeat

316 368 456 403 Graeco
494 363 619 401 versui
657 362 722 400 uni
754 361 888 405 semis,
926 358 1060 410 pagina
1093 357 1233 395 Graeca
1266 355 1440 394 versibus
1479 355 1623 394 Latinis
1662 357 1840 395 sedecim.
1907 356 2104 395 Elementa

315 433 453 470 babent
484 444 615 469 versus
640 429 761 468 Latini
794 429 879 479 plus
912 427 1040 464 minus
1072 437 1269 475 sexagena,
1303 423 1434 462 Graeci
1466 422 1567 461 inter
1598 423 1740 463 tricena
1772 431 1810 463 et
1840 426 2104 476 quadragena3

312 509 460 539 exarata
499 506 625 538 autem
667 503 757 536 sunt
795 508 930 547 parum
972 492 1221 544 aequabiliter
1263 491 1376 530 modo
1414 491 1487 529 late
1526 491 1679 529 diducta
1719 493 1834 531 modo
1871 506 2002 544 pressa
2035 505 2104 532 an-

313 575 443 619 guste,
482 568 591 606 cuius
633 563 952 616 inaequabilitatis
990 562 1162 612 exempla
1201 559 1387 611 quaedam
1434 559 1642 609 insigniora
1680 561 1880 600 attulimus
1913 574 1948 613 p.
1973 562 2025 600 49
2057 562 2103 600 ad

313 635 350 682 2,
383 635 433 673 37
466 642 503 673 ct
533 649 568 686 p.
596 635 671 672 100
703 634 747 672 ad
781 634 817 679 5,
841 632 883 678 S;
912 631 1031 681 'plene
1070 642 1152 668 eam
1194 633 1487 680 repraesentant
1526 627 1674 666 tabulae
1706 628 1890 666 volumini
1922 629 2102 668 adiectae.

929 855 979 894 Α.
1027 852 1189 896 PARS
1222 850 1482 895 LATINA.

444 972 670 1022 Exemplum
706 970 882 1008 Latinum
921 982 1007 1007 cum
1041 982 1059 1007 a
1092 968 1172 1015 die,
1212 981 1289 1018 qno
1320 967 1485 1005 incisum
1519 971 1588 1011 est,
1621 966 1664 1004 ad
1698 966 1803 1005 bunc
1832 966 1983 1017 publice
2014 979 2107 1018 pro-

312 1040 451 1078 stiterit
487 1040 568 1076 loco
609 1038 915 1082 evidentissimo,
958 1036 1119 1087 insignis
1157 1035 1400 1074 monumenti
1437 1034 1573 1073 notitia
1610 1035 1830 1086 percrebuit
1870 1035 1916 1074 ab
1947 1035 2030 1087 ipso
2062 1048 2106 1075 eo

313 1116 501 1159 tempore,
543 1120 618 1158 quo
651 1113 738 1158 post
768 1106 965 1144 restitutas
997 1106 1142 1143 litteras
1174 1105 1244 1143 viri
1276 1104 1377 1143 docti
1408 1103 1577 1155 primum
1610 1107 1800 1155 Ancyram
1834 1110 2105 1154 pervenerunt.

312 1177 383 1222 Qui
417 1178 573 1214 suerunt
603 1174 713 1225 legati
744 1175 820 1214 duo
852 1174 897 1212 ab
928 1174 1159 1224 imperatore
1183 1172 1408 1211 Germaniae
1431 1171 1673 1210 Ferdinando
1696 1172 1727 1209 Il
1759 1185 1790 1210 a.
1817 1173 1922 1210 1555
1955 1172 1999 1210 ad
2032 1172 2108 1210 im-

313 1250 526 1295 peratorem
561 1243 773 1281 Turcarum
807 1242 1047 1281 Solimanum
1080 1241 1303 1279 Vindobona
1336 1240 1528 1278 Amasiam
1564 1240 1671 1278 missi
1703 1241 1892 1290 Augerius
1915 1240 2107 1279 Gislenius

312 1312 553 1362 anbcqnius
595 1312 757 1349 Batavus
804 1318 841 1348 et
878 1298 1068 1348 Antonius
1110 1309 1329 1348 Wrantzius
1369 1309 1445 1346 sive
1484 1307 1688 1346 Verantius
1731 1307 1936 1359 episcopus
1973 1308 2108 1358 Agriae

311 1393 397 1418 cum
431 1379 637 1417 comitibus
668 1378 802 1428 suis1).
845 1378 1070 1429 Exemplum
1104 1378 1242 1416 borum
1276 1378 1385 1416 iussu
1407 1382 1609 1427 exceptum
1633 1388 1710 1413 non
1734 1376 1890 1427 plenum
1915 1382 1953 1414 et
1975 1375 2107 1414 multis

310 1448 402 1486 locis
434 1453 658 1498 corruptum
698 1460 784 1485 cum
830 1446 988 1485 minime
1021 1447 1280 1491 satisfaceret,
1319 1445 1365 1484 ab
1396 1458 1440 1483 eo
1472 1445 1561 1483 inde
1593 1450 1767 1496 tempore
1798 1444 1976 1483 homines
2007 1444 2108 1483 docti

311 1523 485 1567 expetere
516 1521 745 1566 coeperunt,
781 1521 821 1553 ut
852 1515 1044 1565 integrum
1078 1521 1116 1552 et
1147 1516 1358 1565 perfectum
1392 1513 1656 1564 apographum
1689 1519 1907 1564 pararetur,
1941 1525 2108 1564 cumque

312 1584 441 1622 Daniel
480 1583 688 1622 Cossonins
727 1584 944 1634 exemplum
984 1583 1056 1621 sibi
1093 1588 1355 1634 comparasset
1394 1595 1472 1620 non
1514 1581 1682 1627 bonum,
1730 1580 1795 1619 sed
1835 1580 2108 1631 Busbequiano

444 1718 469 1758 ¹)
501 1714 704 1758 Busbequius
724 1716 794 1757 ipse
812 1714 1007 1756 (legationis
1025 1714 1187 1746 Turcicae
1207 1714 1371 1757 epistulae
1391 1718 1559 1755 quattuor.
1586 1712 1799 1745 Francofurti
1822 1713 1916 1745 1595.
1937 1713 1966 1745 S.
1986 1724 2014 1755 p.
2034 1714 2108 1753 65):

311 1776 495 1816 Ancyram,
523 1774 640 1815 inquit,
667 1775 816 1804 rcninms
841 1773 1015 1803 mansione
1031 1781 1051 1802 α
1071 1770 1357 1813 Constantinopoli
1371 1768 1455 1801 XIX
1474 1795 1480 1801 .
1499 1794 1505 1800 .
1528 1795 1534 1801 .
1554 1794 1561 1801 .
1598 1770 1655 1801 Hic
1678 1770 1943 1813 pulcherrimam
1963 1770 2109 1802 vidimus

311 1832 560 1873 inscriptionem
592 1833 621 1861 ct
651 1830 839 1860 subulco-mn
875 1828 1032 1867 illarum,
1064 1829 1179 1869 quibas
1210 1827 1352 1859 indicem
1384 1837 1496 1859 rerum
1530 1838 1551 1858 α
1579 1838 1613 1858 Se
1636 1830 1812 1869 gestarum
1840 1827 2034 1870 complex-us
2058 1829 2108 1858 est

310 1888 508 1927 Augustus,
532 1885 735 1928 ‹wemplmw
788 1885 828 1916 Id
851 1888 1013 1926 quatenus
1039 1884 1106 1926 legi
1126 1887 1251 1928 poluit,
1275 1895 1335 1927 per
1360 1887 1492 1915 nostros
1517 1885 1666 1915 hominm
1691 1884 1981 1916 transcribendum
2009 1894 2108 1915 cura*

309 1944 427 1973 rimus.
461 1943 567 1974 lia-tat
593 1944 734 1974 incisum
761 1941 916 1983 aedificii,
942 1941 1028 1983 quod
1051 1941 1126 1973 olim
1143 1942 1299 1983 sortasse
1313 1943 1520 1984 praetorium
1530 1942 1659 1983 suerit,
1684 1940 1792 1972 diruti
1816 1943 1846 1972 et
1864 1943 1946 1972 tecto
1964 1942 2109 1972 carentis

307 1989 511 2031 wlurmoreis
536 2000 739 2040 parietibus,
774 2000 820 2029 ila
849 2000 885 2029 ut
910 1998 1053 2030 dimidia
1076 2008 1159 2041 pars
1185 1999 1394 2030 intrantibus
1419 1998 1465 2029 ad
1487 1997 1662 2038 dea-tram,
1693 1997 1835 2030 dimidia
1860 1997 1906 2029 ad
1928 1999 2108 2030 sinistram

309 2058 472 2086 ocem-rat.
515 2055 681 2098 Suprema
708 2056 817 2098 capita
833 2056 914 2097 sere
939 2056 1075 2096 integra
1100 2057 1191 2095 sunt,
1217 2054 1328 2086 media
1353 2055 1486 2086 lacunis
1512 2054 1665 2086 laborare
1689 2056 1865 2097 incipiunt,
1892 2055 2011 2098 infima
2035 2064 2109 2086 vero

308 2114 475 2145 clavat-am
502 2116 533 2144 et
557 2115 723 2144 securium
751 2113 873 2144 ictibus
899 2113 944 2143 itu
969 2110 1132 2151 lacerata,
1158 2115 1194 2143 ἰιι
1219 2111 1286 2154 legi
1310 2122 1372 2143 non
1395 2113 1534 2154 possint,
1560 2111 1647 2153 qnod
1668 2122 1748 2143 sane
1772 2113 1824 2143 rei
1845 2112 2020 2144 litet-ariae
2043 2121 2107 2143 non

307 2169 466 2201 vmediocre
496 2169 656 2200 (iuvenum
689 2172 739 2200 est
765 2180 785 2200 a
810 2168 917 2201 (lactis
942 2170 1062 2200 merito
1086 2167 1335 2211 deplorandum,
1361 2167 1457 2209 idque
1480 2179 1515 2199 eo
1541 2170 1662 2210 mag-ix,
1687 2168 1774 2209 qaod
1798 2169 1912 2200 urbem
1944 2168 2034 2199 illam
2065 2168 2106 2198 ab

311 2228 412 2258 Asiae
445 2229 684 2258 contnzunitale
710 2227 866 2267 Aug-usto
897 2225 1041 2256 dicatam
1059 2226 1179 2267 sitisse
1203 2228 1334 2256 constet.
1385 2224 1475 2256 Inter
1502 2225 1666 2267 epistulas
1692 2225 1803 2265 Pighii
1830 2225 2108 2264 Hanffiurgenses,

308 2284 346 2315 de
373 2284 491 2325 quibus
519 2283 658 2325 exposui
685 2284 716 2313 in
745 2283 830 2314 actis
857 2282 1042 2314 minoribus
1069 2282 1255 2313 academiae
1275 2281 1502 2313 Berolinensis
1528 2292 1556 2313 a.
1582 2283 1664 2313 1813ss
1690 2293 1720 2324 p.
1740 2282 1804 2313 419
1819 2293 1876 2323 sq.,
1904 2282 1935 2312 in
1963 2292 1998 2313 ea
2025 2291 2106 2323 quae

308 2345 358 2371 est
384 2352 413 2371 n.
433 2341 474 2371 92
502 2341 578 2371 data
604 2340 754 2372 Viennae
781 2341 808 2371 d.
827 2342 857 2371 (ὅ.
878 2340 961 2378 Aug.
984 2339 1067 2369 1574
1094 2338 1131 2369 ad
1160 2338 1315 2370 Carolum
1342 2337 1484 2369 Rimium
1511 2338 1694 2370 Caesareae
1720 2338 1910 2370 Maiestatis
1938 2344 2106 2370 oratorem

307 2397 390 2439 apud
418 2397 576 2428 Solimum
602 2397 786 2428 'furcarum
814 2397 1048 2438 imperatorem
1075 2394 1212 2434 Pighius
1238 2395 1277 2427 de
1304 2399 1514 2426 monumento
1541 2396 1721 2437 Ancyrano
1752 2395 1801 2426 sic
1829 2395 1995 2426 scribens:
2022 2395 2106 2426 ‘cum

335 2478 367 2485 ..
399 2455 432 2485 I).
454 2454 618 2493 Augerius
649 2464 667 2485 a
694 2454 905 2496 Buysbecehe
943 2452 1023 2483 mihi
1060 2452 1268 2493 persuaserit
1300 2453 1453 2494 Ancyrae
1485 2452 1517 2483 in
1553 2451 1686 2483 Galatia
1720 2452 1824 2483 adhuc
1854 2453 2017 2494 temporis
2049 2461 2107 2482 ex-

307 2516 379 2542 tare
417 2515 449 2541 et
488 2521 523 2542 se
558 2510 685 2542 vidisse
716 2520 850 2549 magnas
889 2509 1050 2540 breviarii
1088 2519 1199 2540 rerum
1237 2513 1404 2549 gestarum
1431 2509 1465 2539 1).
1488 2508 1629 2548 Augusti
1666 2507 1828 2548 reliquias
1866 2507 2107 2549 antiquissimis

307 2567 502 2598 marmoreis
528 2568 712 2609 parietibus
738 2568 924 2609 insculptas
951 2576 1104 2608 spemque
1130 2565 1251 2597 fecerit
1278 2576 1332 2597 eas
1360 2565 1548 2607 descriptas
1574 2564 1688 2595 baberi
1714 2564 1789 2595 inde
1816 2574 1930 2605 posse,
1957 2565 2105 2605 quando-

308 2624 435 2665 quidem
469 2623 649 2655 Christiani
682 2628 883 2655 mercatores
920 2624 958 2654 ad
994 2624 1079 2654 illud
1114 2623 1247 2654 celebre
1281 2623 1462 2664 emporium
1495 2622 1628 2663 saepius
1662 2621 1938 2663 proficiscantur'‚
1963 2620 2105 2652 Rimium

308 2686 404 2720 rogat
435 2685 469 2710 ut
504 2690 570 2710 rem
603 2680 634 2710 in
671 2690 706 2711 se
738 2679 916 2721 suscipiat3
949 2684 1098 2721 sumptus
1132 2679 1171 2710 ab
1197 2679 1346 2720 Augerio
1378 2679 1574 2710 aestimatos
1604 2688 1649 2709 xx
1675 2683 1732 2709 aut
1756 2688 1827 2709 xxx
1853 2679 2044 2709 ducatorum
2070 2687 2105 2709 se

307 2737 463 2768 lubenter
488 2737 721 2767 toleraturum.
762 2736 863 2767 Addit
888 2736 1039 2768 loannem
1066 2737 1262 2768 Sambucum
1289 2737 1326 2767 de
1353 2736 1466 2767 eadem
1495 2746 1530 2766 re
1557 2736 1760 2777 scripturum
1787 2745 1860 2766 esse
1887 2735 1926 2765 ad
1953 2733 2104 2775 Ungena-

309 2793 395 2823 dium
423 2793 523 2824 Rimii
550 2803 777 2824 successorem
804 2792 962 2824 futurum.
1004 2792 1196 2835 Respondet
1220 2793 1348 2824 Rimius
1377 2794 1419 2833 (n.
1440 2792 1519 2834 254)
1546 2792 1840 2834 Constantinopoli
1869 2791 1896 2822 1.
1914 2790 1998 2822 Nov.
2020 2790 2105 2823 1574

309 2860 356 2889 se,
383 2849 412 2880 si
439 2854 536 2880 antea
564 2850 593 2880 id
620 2850 658 2880 ad
687 2860 721 2881 se
748 2850 887 2881 allatum
914 2855 1014 2887 essct,
1042 2851 1188 2882 libenter
1214 2850 1374 2892 pictorem
1401 2860 1494 2881 suum
1514 2849 1680 2892 Ancyram
1700 2849 1876 2880 missurum
1894 2845 2015 2887 fuisse,
2040 2846 2103 2878 iam

308 2907 340 2937 in
376 2911 467 2937 tauta
501 2906 658 2948 temporis
685 2907 838 2947 angustia
865 2912 1001 2948 propter
1026 2908 1208 2939 discessum
1237 2907 1362 2939 duobus
1388 2906 1631 2938 mercatoribus
1656 2906 1775 2937 amicis
1800 2915 1868 2937 rem
1896 2904 2105 2935 mandavisse

309 2963 451 3003 itemque
470 2963 658 2994 successori
677 2974 735 2994 suo
755 2963 871 2994 baroni
889 2962 1092 3003 Ungenadio.
1111 2983 1143 2986 —
1171 2964 1350 2995 Praeterea
1368 2965 1524 2995 videatur
1539 2964 1578 2994 de
1592 2963 1716 2994 itinere
1734 2961 1958 3002 ssusbequiano
1972 2970 2001 2992 a.
2021 2960 2103 2992 1555

309 3019 342 3050 C.
364 3018 384 3049 l.
402 3019 438 3050 L.
464 3018 505 3050 ΙΙΙ
524 3030 550 3060 p.
567 3020 585 3050 4
613 3030 758 3062 quaeque
785 3020 937 3061 exposuit
964 3017 1103 3061 liiepert
1130 3021 1161 3051 in
1189 3021 1274 3051 actis
1299 3020 1482 3051 menstruis
1508 3020 1598 3051 acad.
1627 3020 1732 3050 Berol.
1762 3017 1843 3049 1863
1871 3028 1898 3059 p.
1918 3017 1980 3047 307
1996 3026 2042 3058 sq.
