<?xml version="1.0" encoding="UTF-8"?>
<!DOCTYPE html PUBLIC "-//W3C//DTD XHTML 1.0 Transitional//EN"
    "http://www.w3.org/TR/xhtml1/DTD/xhtml1-transitional.dtd">
<html xmlns="http://www.w3.org/1999/xhtml" xml:lang="en" lang="en">
 <head>
  <title>
</title>
<meta http-equiv="Content-Type" content="text/html;charset=utf-8" />
  <meta name='ocr-system' content='tesseract 3.04.00' />
  <meta name='ocr-capabilities' content='ocr_page ocr_carea ocr_par ocr_line ocrx_word'/>
</head>
<body>
  <div class='ocr_page' id='page_1' title='image "./resgestaeexmonum01auguuoft_0219.png"; bbox 0 0 2227 3452; ppageno 0'>
   <div class='ocr_carea' id='block_1_1' title="bbox 0 1892 21 3452">
    <p class='ocr_par' dir='ltr' id='par_1_1' title="bbox 0 1892 21 3452">
     <span class='ocr_line' id='line_1_1' title="bbox 0 1892 21 3452; baseline 0 0"><span class='ocrx_word' id='word_1_1' title='bbox 0 1892 21 3452; x_wconf 95' lang='lat' dir='ltr'> </span> 
     </span>
    </p>
   </div>
   <div class='ocr_carea' id='block_1_2' title="bbox 966 155 1963 199">
    <p class='ocr_par' dir='ltr' id='par_1_2' title="bbox 966 155 1963 199">
     <span class='ocr_line' id='line_1_2' title="bbox 966 155 1963 199; baseline 0.008 -8"><span class='ocrx_word' id='word_1_2' title='bbox 966 155 1009 199; x_wconf 87' lang='lat' dir='ltr'>V,</span> <span class='ocrx_word' id='word_1_3' title='bbox 1036 155 1175 190; x_wconf 81' lang='lat'>24—31</span> <span class='ocrx_word' id='word_1_4' title='bbox 1801 184 1804 187; x_wconf 87' lang='lat'><em>-</em></span> <span class='ocrx_word' id='word_1_5' title='bbox 1882 159 1963 199; x_wconf 85' lang='lat'>115</span> 
     </span>
    </p>
   </div>
   <div class='ocr_carea' id='block_1_3' title="bbox 169 272 1968 1486">
    <p class='ocr_par' dir='ltr' id='par_1_3' title="bbox 169 272 1968 1486">
     <span class='ocr_line' id='line_1_3' title="bbox 179 272 1967 327; baseline 0.002 -15"><span class='ocrx_word' id='word_1_6' title='bbox 179 273 253 313; x_wconf 89' lang='lat' dir='ltr'>niis</span> <span class='ocrx_word' id='word_1_7' title='bbox 282 273 435 313; x_wconf 81' lang='lat' dir='ltr'>Tacitus</span> <span class='ocrx_word' id='word_1_8' title='bbox 474 274 525 313; x_wconf 85' lang='lat' dir='ltr'>ait</span> <span class='ocrx_word' id='word_1_9' title='bbox 554 276 791 326; x_wconf 85' lang='lat' dir='ltr'>praefectum</span> <span class='ocrx_word' id='word_1_10' title='bbox 822 287 918 322; x_wconf 83' lang='lat' dir='ltr'>esse,</span> <span class='ocrx_word' id='word_1_11' title='bbox 949 274 1119 326; x_wconf 84' lang='lat' dir='ltr'>pertinet</span> <span class='ocrx_word' id='word_1_12' title='bbox 1147 273 1194 312; x_wconf 87' lang='lat' dir='ltr'>ad</span> <span class='ocrx_word' id='word_1_13' title='bbox 1224 272 1430 323; x_wconf 80' lang='lat' dir='ltr'>factionem</span> <span class='ocrx_word' id='word_1_14' title='bbox 1452 272 1684 322; x_wconf 81' lang='lat' dir='ltr'>Romanam3</span> <span class='ocrx_word' id='word_1_15' title='bbox 1715 274 1869 314; x_wconf 85' lang='lat' dir='ltr'>Parthis</span> <span class='ocrx_word' id='word_1_16' title='bbox 1900 275 1967 327; x_wconf 88' lang='lat' dir='ltr'>qui</span> 
     </span>
     <span class='ocr_line' id='line_1_4' title="bbox 177 341 1966 392; baseline 0.001 -12"><span class='ocrx_word' id='word_1_17' title='bbox 177 341 354 381; x_wconf 86' lang='lat' dir='ltr'>favebant</span> <span class='ocrx_word' id='word_1_18' title='bbox 382 342 556 381; x_wconf 82' lang='lat' dir='ltr'>Armenii</span> <span class='ocrx_word' id='word_1_19' title='bbox 592 355 670 382; x_wconf 92' lang='lat' dir='ltr'>non</span> <span class='ocrx_word' id='word_1_20' title='bbox 707 343 832 382; x_wconf 86' lang='lat' dir='ltr'>solum</span> <span class='ocrx_word' id='word_1_21' title='bbox 870 355 958 382; x_wconf 89' lang='lat' dir='ltr'>eum</span> <span class='ocrx_word' id='word_1_22' title='bbox 991 355 1070 382; x_wconf 89' lang='lat' dir='ltr'>non</span> <span class='ocrx_word' id='word_1_23' title='bbox 1099 346 1342 392; x_wconf 81' lang='lat' dir='ltr'>acceperunt,</span> <span class='ocrx_word' id='word_1_24' title='bbox 1376 341 1442 379; x_wconf 89' lang='lat' dir='ltr'>sed</span> <span class='ocrx_word' id='word_1_25' title='bbox 1473 341 1565 380; x_wconf 89' lang='lat' dir='ltr'>adeo</span> <span class='ocrx_word' id='word_1_26' title='bbox 1596 342 1738 381; x_wconf 89' lang='lat' dir='ltr'>bellum</span> <span class='ocrx_word' id='word_1_27' title='bbox 1769 343 1804 382; x_wconf 93' lang='lat' dir='ltr'>ei</span> <span class='ocrx_word' id='word_1_28' title='bbox 1834 356 1966 382; x_wconf 91' lang='lat' dir='ltr'>move-</span> 
     </span>
     <span class='ocr_line' id='line_1_5' title="bbox 177 408 1964 462; baseline 0.002 -14"><span class='ocrx_word' id='word_1_29' title='bbox 177 416 271 449; x_wconf 87' lang='lat' dir='ltr'>runt</span> <span class='ocrx_word' id='word_1_30' title='bbox 291 423 324 449; x_wconf 88' lang='lat' dir='ltr'>a.</span> <span class='ocrx_word' id='word_1_31' title='bbox 348 411 439 457; x_wconf 86' lang='lat'>755,</span> <span class='ocrx_word' id='word_1_32' title='bbox 463 412 501 450; x_wconf 92' lang='lat' dir='ltr'>in</span> <span class='ocrx_word' id='word_1_33' title='bbox 524 424 601 462; x_wconf 87' lang='lat' dir='ltr'>quo</span> <span class='ocrx_word' id='word_1_34' title='bbox 617 411 790 462; x_wconf 86' lang='lat' dir='ltr'>Artagira</span> <span class='ocrx_word' id='word_1_35' title='bbox 812 411 991 450; x_wconf 88' lang='lat' dir='ltr'>obsidens</span> <span class='ocrx_word' id='word_1_36' title='bbox 1010 410 1125 450; x_wconf 85' lang='lat' dir='ltr'>Gaius</span> <span class='ocrx_word' id='word_1_37' title='bbox 1146 409 1370 448; x_wconf 85' lang='lat' dir='ltr'>vulneratus</span> <span class='ocrx_word' id='word_1_38' title='bbox 1391 408 1517 460; x_wconf 85' lang='lat' dir='ltr'>paullo</span> <span class='ocrx_word' id='word_1_39' title='bbox 1539 416 1626 460; x_wconf 90' lang='lat' dir='ltr'>post</span> <span class='ocrx_word' id='word_1_40' title='bbox 1648 409 1714 458; x_wconf 88' lang='grc'>(21</span> <span class='ocrx_word' id='word_1_41' title='bbox 1739 410 1848 450; x_wconf 88' lang='lat' dir='ltr'>Febr.</span> <span class='ocrx_word' id='word_1_42' title='bbox 1869 412 1964 461; x_wconf 83' lang='lat'>757)</span> 
     </span>
     <span class='ocr_line' id='line_1_6' title="bbox 177 477 1967 531; baseline 0.001 -14"><span class='ocrx_word' id='word_1_43' title='bbox 177 491 223 517; x_wconf 86' lang='lat' dir='ltr'>ex</span> <span class='ocrx_word' id='word_1_44' title='bbox 251 491 296 517; x_wconf 89' lang='lat' dir='ltr'>eo</span> <span class='ocrx_word' id='word_1_45' title='bbox 326 478 482 517; x_wconf 87' lang='lat' dir='ltr'>vulnere</span> <span class='ocrx_word' id='word_1_46' title='bbox 513 478 663 529; x_wconf 70' lang='lat' dir='ltr'>obiitl).</span> <span class='ocrx_word' id='word_1_47' title='bbox 694 502 748 506; x_wconf 82' lang='lat'>-—</span> <span class='ocrx_word' id='word_1_48' title='bbox 778 479 908 529; x_wconf 82' lang='lat' dir='ltr'>Pergit</span> <span class='ocrx_word' id='word_1_49' title='bbox 938 479 1094 518; x_wconf 81' lang='lat' dir='ltr'>Tacitus</span> <span class='ocrx_word' id='word_1_50' title='bbox 1124 490 1212 517; x_wconf 87' lang='lat' dir='ltr'>ann.</span> <span class='ocrx_word' id='word_1_51' title='bbox 1236 477 1273 523; x_wconf 84' lang='lat'>2,</span> <span class='ocrx_word' id='word_1_52' title='bbox 1296 478 1340 515; x_wconf 81' lang='lat'>4:</span> <span class='ocrx_word' id='word_1_53' title='bbox 1372 477 1628 517; x_wconf 78' lang='lat' dir='ltr'>Ariobarzane</span> <span class='ocrx_word' id='word_1_54' title='bbox 1657 485 1776 518; x_wconf 81' lang='lat' dir='ltr'>morte</span> <span class='ocrx_word' id='word_1_55' title='bbox 1805 481 1967 531; x_wconf 72' lang='lat' dir='ltr'>fortuita</span> 
     </span>
     <span class='ocr_line' id='line_1_7' title="bbox 177 543 1965 599; baseline 0.002 -15"><span class='ocrx_word' id='word_1_56' title='bbox 177 547 371 598; x_wconf 81' lang='lat' dir='ltr'>absumpto</span> <span class='ocrx_word' id='word_1_57' title='bbox 408 549 560 598; x_wconf 72' lang='lat' dir='ltr'>stirpem</span> <span class='ocrx_word' id='word_1_58' title='bbox 596 550 672 586; x_wconf 76' lang='lat' dir='ltr'>eius</span> <span class='ocrx_word' id='word_1_59' title='bbox 710 548 812 587; x_wconf 78' lang='lat' dir='ltr'>haud</span> <span class='ocrx_word' id='word_1_60' title='bbox 848 547 1064 587; x_wconf 79' lang='lat' dir='ltr'><em>toleravere.</em></span> <span class='ocrx_word' id='word_1_61' title='bbox 1131 545 1199 585; x_wconf 90' lang='lat' dir='ltr'>Dio</span> <span class='ocrx_word' id='word_1_62' title='bbox 1237 558 1390 597; x_wconf 89' lang='lat' dir='ltr'>quoque</span> <span class='ocrx_word' id='word_1_63' title='bbox 1422 546 1486 593; x_wconf 87' lang='lat'>55,</span> <span class='ocrx_word' id='word_1_64' title='bbox 1519 547 1588 585; x_wconf 86' lang='lat'>10:</span> <span class='ocrx_word' id='word_1_65' title='bbox 1625 545 1698 599; x_wconf 75' lang='grc' dir='ltr'>τὴν</span> <span class='ocrx_word' id='word_1_66' title='bbox 1728 543 1965 599; x_wconf 73' lang='grc' dir='ltr'><em>Ἀρμενίαν,</em></span> 
     </span>
     <span class='ocr_line' id='line_1_8' title="bbox 176 610 1967 668; baseline 0.001 -15"><span class='ocrx_word' id='word_1_67' title='bbox 176 615 238 661; x_wconf 88' lang='lat' dir='ltr'>ait,</span> <span class='ocrx_word' id='word_1_68' title='bbox 269 611 365 654; x_wconf 76' lang='grc' dir='ltr'><em>τότε</em></span> <span class='ocrx_word' id='word_1_69' title='bbox 395 614 474 667; x_wconf 78' lang='grc' dir='ltr'>μὲν</span> <span class='ocrx_word' id='word_1_70' title='bbox 514 610 536 654; x_wconf 82' lang='grc' dir='ltr'>ὁ</span> <span class='ocrx_word' id='word_1_71' title='bbox 563 612 916 668; x_wconf 74' lang='grc' dir='ltr'><em>Ἀριοβαρζάνης,</em></span> <span class='ocrx_word' id='word_1_72' title='bbox 950 612 1258 660; x_wconf 67' lang='grc' dir='ltr'>ἀποθανόντος</span> <span class='ocrx_word' id='word_1_73' title='bbox 1289 612 1337 653; x_wconf 72' lang='grc' dir='ltr'>δὲ</span> <span class='ocrx_word' id='word_1_74' title='bbox 1369 610 1500 654; x_wconf 80' lang='grc' dir='ltr'><em>αὐτοῦ</em></span> <span class='ocrx_word' id='word_1_75' title='bbox 1531 611 1580 653; x_wconf 81' lang='grc' dir='ltr'>οὗ</span> <span class='ocrx_word' id='word_1_76' title='bbox 1610 613 1761 668; x_wconf 77' lang='grc' dir='ltr'><em>πολλῷ</em></span> <span class='ocrx_word' id='word_1_77' title='bbox 1791 612 1967 667; x_wconf 73' lang='grc' dir='ltr'>ὕστερον</span> 
     </span>
     <span class='ocr_line' id='line_1_9' title="bbox 169 679 1966 736; baseline 0 -14"><span class='ocrx_word' id='word_1_78' title='bbox 169 679 433 736; x_wconf 70' lang='grc' dir='ltr'><em>Ἀρταβάζης</em></span> <span class='ocrx_word' id='word_1_79' title='bbox 463 680 487 723; x_wconf 80' lang='grc' dir='ltr'><em>ὁ</em></span> <span class='ocrx_word' id='word_1_80' title='bbox 517 681 611 730; x_wconf 73' lang='grc' dir='ltr'>υἱὸς</span> <span class='ocrx_word' id='word_1_81' title='bbox 642 682 763 736; x_wconf 75' lang='grc' dir='ltr'><em>παρά</em></span> <span class='ocrx_word' id='word_1_82' title='bbox 792 698 837 723; x_wconf 77' lang='grc' dir='ltr'>τε</span> <span class='ocrx_word' id='word_1_83' title='bbox 866 682 943 723; x_wconf 77' lang='grc' dir='ltr'>τοῦ</span> <span class='ocrx_word' id='word_1_84' title='bbox 975 679 1232 732; x_wconf 69' lang='grc' dir='ltr'><em>Αὐγούστου</em></span> <span class='ocrx_word' id='word_1_85' title='bbox 1263 680 1336 720; x_wconf 79' lang='grc' dir='ltr'>καὶ</span> <span class='ocrx_word' id='word_1_86' title='bbox 1368 680 1490 735; x_wconf 84' lang='grc' dir='ltr'><em>παρὰ</em></span> <span class='ocrx_word' id='word_1_87' title='bbox 1520 682 1593 735; x_wconf 82' lang='grc' dir='ltr'>τῆς</span> <span class='ocrx_word' id='word_1_88' title='bbox 1623 680 1781 736; x_wconf 79' lang='grc' dir='ltr'><em>βουλῆς</em></span> <span class='ocrx_word' id='word_1_89' title='bbox 1802 681 1966 735; x_wconf 81' lang='grc' dir='ltr'><em>ἔλαβεν.</em></span> 
     </span>
     <span class='ocr_line' id='line_1_10' title="bbox 175 749 1966 803; baseline -0.001 -13"><span class='ocrx_word' id='word_1_90' title='bbox 175 751 449 791; x_wconf 80' lang='lat' dir='ltr'>Ariobarzanes</span> <span class='ocrx_word' id='word_1_91' title='bbox 494 752 609 803; x_wconf 89' lang='lat' dir='ltr'>igitur</span> <span class='ocrx_word' id='word_1_92' title='bbox 656 751 785 803; x_wconf 82' lang='lat' dir='ltr'>paucis</span> <span class='ocrx_word' id='word_1_93' title='bbox 830 752 940 791; x_wconf 88' lang='lat' dir='ltr'>annis</span> <span class='ocrx_word' id='word_1_94' title='bbox 979 756 1066 802; x_wconf 87' lang='lat' dir='ltr'>post</span> <span class='ocrx_word' id='word_1_95' title='bbox 1098 750 1176 788; x_wconf 81' lang='lat'>755</span> <span class='ocrx_word' id='word_1_96' title='bbox 1209 749 1310 788; x_wconf 90' lang='lat' dir='ltr'>diem</span> <span class='ocrx_word' id='word_1_97' title='bbox 1349 750 1444 790; x_wconf 89' lang='lat' dir='ltr'>obiit</span> <span class='ocrx_word' id='word_1_98' title='bbox 1486 751 1749 802; x_wconf 82' lang='lat' dir='ltr'>successitque</span> <span class='ocrx_word' id='word_1_99' title='bbox 1794 751 1829 789; x_wconf 88' lang='lat' dir='ltr'>ei</span> <span class='ocrx_word' id='word_1_100' title='bbox 1864 751 1966 790; x_wconf 80' lang='lat' dir='ltr'>filius</span> 
     </span>
     <span class='ocr_line' id='line_1_11' title="bbox 175 817 1966 873; baseline 0 -15"><span class='ocrx_word' id='word_1_101' title='bbox 175 820 414 867; x_wconf 87' lang='lat' dir='ltr'>Artavasdes,</span> <span class='ocrx_word' id='word_1_102' title='bbox 447 827 491 859; x_wconf 90' lang='lat' dir='ltr'>ut</span> <span class='ocrx_word' id='word_1_103' title='bbox 519 821 716 871; x_wconf 86' lang='lat' dir='ltr'>Augustus</span> <span class='ocrx_word' id='word_1_104' title='bbox 755 834 908 873; x_wconf 86' lang='lat' dir='ltr'>quoque</span> <span class='ocrx_word' id='word_1_105' title='bbox 939 820 1011 858; x_wconf 91' lang='lat' dir='ltr'>hoc</span> <span class='ocrx_word' id='word_1_106' title='bbox 1041 819 1124 858; x_wconf 92' lang='lat' dir='ltr'>loco</span> <span class='ocrx_word' id='word_1_107' title='bbox 1156 817 1301 857; x_wconf 86' lang='lat' dir='ltr'>scribit.</span> <span class='ocrx_word' id='word_1_108' title='bbox 1360 818 1453 857; x_wconf 92' lang='lat' dir='ltr'>Eius</span> <span class='ocrx_word' id='word_1_109' title='bbox 1484 818 1636 858; x_wconf 86' lang='lat' dir='ltr'>videtur</span> <span class='ocrx_word' id='word_1_110' title='bbox 1665 832 1749 858; x_wconf 89' lang='lat' dir='ltr'>esse</span> <span class='ocrx_word' id='word_1_111' title='bbox 1778 831 1966 858; x_wconf 88' lang='lat' dir='ltr'>nummus</span> 
     </span>
     <span class='ocr_line' id='line_1_12' title="bbox 175 886 1965 938; baseline 0.001 -13"><span class='ocrx_word' id='word_1_112' title='bbox 175 886 300 926; x_wconf 89' lang='lat' dir='ltr'>adhuc</span> <span class='ocrx_word' id='word_1_113' title='bbox 341 887 479 938; x_wconf 84' lang='lat' dir='ltr'>opinor</span> <span class='ocrx_word' id='word_1_114' title='bbox 509 888 647 928; x_wconf 90' lang='lat' dir='ltr'>unicus</span> <span class='ocrx_word' id='word_1_115' title='bbox 679 890 804 929; x_wconf 87' lang='lat' dir='ltr'>editus</span> <span class='ocrx_word' id='word_1_116' title='bbox 835 902 854 928; x_wconf 93' lang='lat' dir='ltr'>a</span> <span class='ocrx_word' id='word_1_117' title='bbox 887 888 1083 928; x_wconf 86' lang='lat' dir='ltr'>Gardnero</span> <span class='ocrx_word' id='word_1_118' title='bbox 1116 886 1377 935; x_wconf 63' lang='lat' dir='ltr'>(Nuinismatz‘c</span> <span class='ocrx_word' id='word_1_119' title='bbox 1409 886 1591 926; x_wconf 70' lang='lat' dir='ltr'>chromate</span> <span class='ocrx_word' id='word_1_120' title='bbox 1621 887 1693 925; x_wconf 89' lang='lat' dir='ltr'>vol.</span> <span class='ocrx_word' id='word_1_121' title='bbox 1721 887 1769 925; x_wconf 89' lang='grc'>12</span> <span class='ocrx_word' id='word_1_122' title='bbox 1801 900 1833 926; x_wconf 85' lang='lat' dir='ltr'>a.</span> <span class='ocrx_word' id='word_1_123' title='bbox 1859 887 1965 927; x_wconf 79' lang='grc'>1872</span> 
     </span>
     <span class='ocr_line' id='line_1_13' title="bbox 174 954 1968 1007; baseline 0.002 -14"><span class='ocrx_word' id='word_1_124' title='bbox 174 968 210 1006; x_wconf 88' lang='lat' dir='ltr'>p.</span> <span class='ocrx_word' id='word_1_125' title='bbox 235 956 259 993; x_wconf 79' lang='lat'>9</span> <span class='ocrx_word' id='word_1_126' title='bbox 293 955 366 994; x_wconf 90' lang='lat' dir='ltr'>tab.</span> <span class='ocrx_word' id='word_1_127' title='bbox 392 957 410 994; x_wconf 88' lang='lat'>1</span> <span class='ocrx_word' id='word_1_128' title='bbox 436 969 473 994; x_wconf 90' lang='lat' dir='ltr'>n.</span> <span class='ocrx_word' id='word_1_129' title='bbox 497 958 550 1004; x_wconf 75' lang='grc'>7),</span> <span class='ocrx_word' id='word_1_130' title='bbox 583 958 790 997; x_wconf 88' lang='lat' dir='ltr'>ostendens</span> <span class='ocrx_word' id='word_1_131' title='bbox 823 958 869 996; x_wconf 88' lang='lat' dir='ltr'>ab</span> <span class='ocrx_word' id='word_1_132' title='bbox 903 969 976 996; x_wconf 89' lang='lat' dir='ltr'>una</span> <span class='ocrx_word' id='word_1_133' title='bbox 1007 961 1114 1007; x_wconf 86' lang='lat' dir='ltr'>parte</span> <span class='ocrx_word' id='word_1_134' title='bbox 1145 960 1259 1006; x_wconf 83' lang='lat' dir='ltr'>caput</span> <span class='ocrx_word' id='word_1_135' title='bbox 1279 954 1443 1006; x_wconf 82' lang='lat' dir='ltr'>Augusti</span> <span class='ocrx_word' id='word_1_136' title='bbox 1472 956 1686 995; x_wconf 86' lang='lat' dir='ltr'>laureatum</span> <span class='ocrx_word' id='word_1_137' title='bbox 1718 955 1770 995; x_wconf 85' lang='lat' dir='ltr'>ita</span> <span class='ocrx_word' id='word_1_138' title='bbox 1801 959 1891 1003; x_wconf 80' lang='lat' dir='ltr'>tere,</span> <span class='ocrx_word' id='word_1_139' title='bbox 1924 963 1968 996; x_wconf 89' lang='lat' dir='ltr'>ut</span> 
     </span>
     <span class='ocr_line' id='line_1_14' title="bbox 174 1023 1967 1076; baseline 0.002 -15"><span class='ocrx_word' id='word_1_140' title='bbox 174 1023 346 1062; x_wconf 89' lang='lat' dir='ltr'>cernitur</span> <span class='ocrx_word' id='word_1_141' title='bbox 383 1024 423 1063; x_wconf 91' lang='lat' dir='ltr'>in</span> <span class='ocrx_word' id='word_1_142' title='bbox 461 1024 626 1064; x_wconf 89' lang='lat' dir='ltr'>denariis</span> <span class='ocrx_word' id='word_1_143' title='bbox 666 1026 706 1064; x_wconf 91' lang='lat' dir='ltr'>L.</span> <span class='ocrx_word' id='word_1_144' title='bbox 740 1032 778 1066; x_wconf 86' lang='lat' dir='ltr'>et</span> <span class='ocrx_word' id='word_1_145' title='bbox 807 1026 846 1065; x_wconf 89' lang='lat' dir='ltr'>C.</span> <span class='ocrx_word' id='word_1_146' title='bbox 870 1025 1076 1065; x_wconf 78' lang='lat' dir='ltr'>Caesarum</span> <span class='ocrx_word' id='word_1_147' title='bbox 1116 1023 1219 1063; x_wconf 89' lang='lat' dir='ltr'>cusis</span> <span class='ocrx_word' id='word_1_148' title='bbox 1258 1036 1358 1062; x_wconf 88' lang='lat' dir='ltr'>anno</span> <span class='ocrx_word' id='word_1_149' title='bbox 1394 1026 1473 1062; x_wconf 85' lang='lat' dir='ltr'>fere</span> <span class='ocrx_word' id='word_1_150' title='bbox 1516 1023 1614 1071; x_wconf 79' lang='lat'>753,</span> <span class='ocrx_word' id='word_1_151' title='bbox 1651 1024 1967 1076; x_wconf 83' lang='lat' dir='ltr'>adscriptumque</span> 
     </span>
     <span class='ocr_line' id='line_1_15' title="bbox 175 1090 1966 1145; baseline 0.001 -15"><span class='ocrx_word' id='word_1_152' title='bbox 175 1092 284 1131; x_wconf 70' lang='grc' dir='ltr'><em>θεοῦ</em></span> <span class='ocrx_word' id='word_1_153' title='bbox 320 1094 539 1145; x_wconf 78' lang='grc' dir='ltr'>Καίσαρος</span> <span class='ocrx_word' id='word_1_154' title='bbox 578 1090 820 1145; x_wconf 67' lang='grc' dir='ltr'>εὐεργέτου,</span> <span class='ocrx_word' id='word_1_155' title='bbox 853 1094 899 1133; x_wconf 88' lang='lat' dir='ltr'>ab</span> <span class='ocrx_word' id='word_1_156' title='bbox 930 1094 1047 1132; x_wconf 86' lang='lat' dir='ltr'>altera</span> <span class='ocrx_word' id='word_1_157' title='bbox 1077 1097 1192 1143; x_wconf 84' lang='lat' dir='ltr'>caput</span> <span class='ocrx_word' id='word_1_158' title='bbox 1221 1091 1320 1142; x_wconf 91' lang='lat' dir='ltr'>regis</span> <span class='ocrx_word' id='word_1_159' title='bbox 1358 1091 1617 1131; x_wconf 87' lang='lat' dir='ltr'>diadematum</span> <span class='ocrx_word' id='word_1_160' title='bbox 1649 1092 1966 1145; x_wconf 86' lang='lat' dir='ltr'>adscriptumque</span> 
     </span>
     <span class='ocr_line' id='line_1_16' title="bbox 174 1158 1967 1214; baseline 0.002 -16"><span class='ocrx_word' id='word_1_161' title='bbox 174 1158 389 1211; x_wconf 80' lang='grc' dir='ltr'><strong><em>βασιλέως</em></strong></span> <span class='ocrx_word' id='word_1_162' title='bbox 425 1159 613 1213; x_wconf 71' lang='grc' dir='ltr'><em>μεγάλου</em></span> <span class='ocrx_word' id='word_1_163' title='bbox 638 1159 946 1214; x_wconf 71' lang='grc' dir='ltr'>Ἀρταυάζδου,</span> <span class='ocrx_word' id='word_1_164' title='bbox 987 1172 1221 1212; x_wconf 86' lang='lat' dir='ltr'>quamquam</span> <span class='ocrx_word' id='word_1_165' title='bbox 1259 1159 1402 1211; x_wconf 86' lang='lat' dir='ltr'>poterit</span> <span class='ocrx_word' id='word_1_166' title='bbox 1436 1159 1529 1199; x_wconf 88' lang='lat' dir='ltr'>item</span> <span class='ocrx_word' id='word_1_167' title='bbox 1576 1160 1692 1200; x_wconf 90' lang='lat' dir='ltr'>tribui</span> <span class='ocrx_word' id='word_1_168' title='bbox 1736 1162 1967 1201; x_wconf 83' lang='lat' dir='ltr'>Artavasdae</span> 
     </span>
     <span class='ocr_line' id='line_1_17' title="bbox 174 1228 1965 1280; baseline 0.001 -13"><span class='ocrx_word' id='word_1_169' title='bbox 174 1228 208 1267; x_wconf 89' lang='lat' dir='ltr'>ei</span> <span class='ocrx_word' id='word_1_170' title='bbox 239 1229 305 1280; x_wconf 87' lang='lat' dir='ltr'>qui</span> <span class='ocrx_word' id='word_1_171' title='bbox 326 1241 414 1268; x_wconf 88' lang='lat' dir='ltr'>cum</span> <span class='ocrx_word' id='word_1_172' title='bbox 438 1229 601 1280; x_wconf 83' lang='lat' dir='ltr'>Tigrane</span> <span class='ocrx_word' id='word_1_173' title='bbox 624 1231 672 1269; x_wconf 88' lang='lat'>111</span> <span class='ocrx_word' id='word_1_174' title='bbox 694 1230 864 1270; x_wconf 82' lang='lat' dir='ltr'>certavit.</span> <span class='ocrx_word' id='word_1_175' title='bbox 906 1231 1156 1269; x_wconf 82' lang='lat' dir='ltr'>interfectum</span> <span class='ocrx_word' id='word_1_176' title='bbox 1179 1241 1264 1267; x_wconf 88' lang='lat' dir='ltr'>esse</span> <span class='ocrx_word' id='word_1_177' title='bbox 1284 1228 1531 1267; x_wconf 77' lang='lat' dir='ltr'>Artavasden]</span> <span class='ocrx_word' id='word_1_178' title='bbox 1555 1229 1821 1269; x_wconf 85' lang='lat' dir='ltr'>Ariobarzanis</span> <span class='ocrx_word' id='word_1_179' title='bbox 1843 1231 1965 1269; x_wconf 86' lang='lat' dir='ltr'>filium</span> 
     </span>
     <span class='ocr_line' id='line_1_18' title="bbox 174 1296 1965 1350; baseline 0.001 -15"><span class='ocrx_word' id='word_1_180' title='bbox 174 1297 436 1349; x_wconf 88' lang='lat' dir='ltr'>comperimus</span> <span class='ocrx_word' id='word_1_181' title='bbox 467 1311 512 1337; x_wconf 82' lang='lat' dir='ltr'>ex</span> <span class='ocrx_word' id='word_1_182' title='bbox 544 1299 624 1337; x_wconf 85' lang='lat' dir='ltr'>solo</span> <span class='ocrx_word' id='word_1_183' title='bbox 655 1299 818 1350; x_wconf 83' lang='lat' dir='ltr'>Augusti</span> <span class='ocrx_word' id='word_1_184' title='bbox 850 1297 1147 1344; x_wconf 75' lang='lat' dir='ltr'>commentario,</span> <span class='ocrx_word' id='word_1_185' title='bbox 1179 1297 1251 1336; x_wconf 90' lang='lat' dir='ltr'>etsi</span> <span class='ocrx_word' id='word_1_186' title='bbox 1281 1296 1383 1336; x_wconf 88' lang='lat' dir='ltr'>idem</span> <span class='ocrx_word' id='word_1_187' title='bbox 1415 1297 1570 1336; x_wconf 85' lang='lat' dir='ltr'>Tacitus</span> <span class='ocrx_word' id='word_1_188' title='bbox 1600 1297 1640 1336; x_wconf 90' lang='lat' dir='ltr'>in</span> <span class='ocrx_word' id='word_1_189' title='bbox 1672 1304 1800 1337; x_wconf 87' lang='lat' dir='ltr'>mente</span> <span class='ocrx_word' id='word_1_190' title='bbox 1830 1298 1965 1338; x_wconf 90' lang='lat' dir='ltr'>hahuit</span> 
     </span>
     <span class='ocr_line' id='line_1_19' title="bbox 174 1365 1964 1419; baseline 0.002 -15"><span class='ocrx_word' id='word_1_191' title='bbox 174 1366 344 1405; x_wconf 83' lang='lat' dir='ltr'>scribens</span> <span class='ocrx_word' id='word_1_192' title='bbox 364 1367 568 1406; x_wconf 89' lang='lat' dir='ltr'>Armenios</span> <span class='ocrx_word' id='word_1_193' title='bbox 590 1367 750 1419; x_wconf 84' lang='lat' dir='ltr'>stirpem</span> <span class='ocrx_word' id='word_1_194' title='bbox 773 1366 1040 1406; x_wconf 78' lang='lat' dir='ltr'>Ariobarzanis</span> <span class='ocrx_word' id='word_1_195' title='bbox 1070 1378 1148 1404; x_wconf 86' lang='lat' dir='ltr'>non</span> <span class='ocrx_word' id='word_1_196' title='bbox 1171 1365 1402 1404; x_wconf 75' lang='lat' dir='ltr'>toleravissc.</span> <span class='ocrx_word' id='word_1_197' title='bbox 1454 1365 1507 1404; x_wconf 85' lang='lat' dir='ltr'>Ex</span> <span class='ocrx_word' id='word_1_198' title='bbox 1530 1367 1664 1405; x_wconf 87' lang='lat' dir='ltr'>eodem</span> <span class='ocrx_word' id='word_1_199' title='bbox 1685 1367 1964 1407; x_wconf 87' lang='lat' dir='ltr'>commentario</span> 
     </span>
     <span class='ocr_line' id='line_1_20' title="bbox 173 1433 1962 1486; baseline 0.002 -14"><span class='ocrx_word' id='word_1_200' title='bbox 173 1433 358 1473; x_wconf 87' lang='lat' dir='ltr'>discimus</span> <span class='ocrx_word' id='word_1_201' title='bbox 397 1434 435 1473; x_wconf 91' lang='lat' dir='ltr'>in</span> <span class='ocrx_word' id='word_1_202' title='bbox 474 1435 556 1474; x_wconf 89' lang='lat' dir='ltr'>eius</span> <span class='ocrx_word' id='word_1_203' title='bbox 586 1436 714 1474; x_wconf 87' lang='lat' dir='ltr'>locum</span> <span class='ocrx_word' id='word_1_204' title='bbox 745 1435 963 1486; x_wconf 80' lang='lat' dir='ltr'>Augustum</span> <span class='ocrx_word' id='word_1_205' title='bbox 996 1434 1244 1474; x_wconf 87' lang='lat' dir='ltr'>substituisse</span> <span class='ocrx_word' id='word_1_206' title='bbox 1275 1434 1479 1485; x_wconf 86' lang='lat' dir='ltr'>Tigranem</span> <span class='ocrx_word' id='word_1_207' title='bbox 1512 1434 1605 1485; x_wconf 79' lang='lat' dir='ltr'>(lv).</span> <span class='ocrx_word' id='word_1_208' title='bbox 1665 1435 1764 1475; x_wconf 88' lang='lat' dir='ltr'>Eum</span> <span class='ocrx_word' id='word_1_209' title='bbox 1796 1448 1884 1475; x_wconf 91' lang='lat' dir='ltr'>cum</span> <span class='ocrx_word' id='word_1_210' title='bbox 1916 1449 1962 1475; x_wconf 86' lang='lat' dir='ltr'>ex</span> 
     </span>
    </p>
   </div>
   <div class='ocr_carea' id='block_1_4' title="bbox 170 1583 1966 1903">
    <p class='ocr_par' dir='ltr' id='par_1_4' title="bbox 170 1583 1966 1903">
     <span class='ocr_line' id='line_1_21' title="bbox 306 1583 1966 1628; baseline 0.001 -12"><span class='ocrx_word' id='word_1_211' title='bbox 306 1585 332 1628; x_wconf 86' lang='lat'>¹)</span> <span class='ocrx_word' id='word_1_212' title='bbox 372 1585 441 1617; x_wconf 89' lang='lat' dir='ltr'>Huc</span> <span class='ocrx_word' id='word_1_213' title='bbox 479 1590 631 1628; x_wconf 86' lang='lat' dir='ltr'>spectare</span> <span class='ocrx_word' id='word_1_214' title='bbox 668 1584 827 1617; x_wconf 84' lang='lat' dir='ltr'>fastorum</span> <span class='ocrx_word' id='word_1_215' title='bbox 865 1584 1219 1627; x_wconf 84' lang='lat' dir='ltr'>Ripatransonensium</span> <span class='ocrx_word' id='word_1_216' title='bbox 1256 1583 1436 1616; x_wconf 88' lang='lat' dir='ltr'>frustulum</span> <span class='ocrx_word' id='word_1_217' title='bbox 1474 1583 1522 1624; x_wconf 92' lang='lat' dir='ltr'>(C.</span> <span class='ocrx_word' id='word_1_218' title='bbox 1549 1583 1571 1616; x_wconf 90' lang='lat'>1.</span> <span class='ocrx_word' id='word_1_219' title='bbox 1598 1583 1672 1616; x_wconf 88' lang='lat' dir='ltr'>L.1</span> <span class='ocrx_word' id='word_1_220' title='bbox 1706 1597 1733 1628; x_wconf 91' lang='lat' dir='ltr'>p.</span> <span class='ocrx_word' id='word_1_221' title='bbox 1761 1586 1825 1618; x_wconf 80' lang='lat'>472</span> <span class='ocrx_word' id='word_1_222' title='bbox 1851 1600 1892 1613; x_wconf 89' lang='lat'><strong><em>=</em></strong></span> <span class='ocrx_word' id='word_1_223' title='bbox 1918 1585 1966 1618; x_wconf 90' lang='lat' dir='ltr'>IX</span> 
     </span>
     <span class='ocr_line' id='line_1_22' title="bbox 174 1641 1965 1684; baseline 0.002 -12"><span class='ocrx_word' id='word_1_224' title='bbox 174 1653 202 1673; x_wconf 92' lang='lat' dir='ltr'>n.</span> <span class='ocrx_word' id='word_1_225' title='bbox 221 1641 308 1673; x_wconf 76' lang='lat'>5290</span> <span class='ocrx_word' id='word_1_226' title='bbox 334 1652 361 1684; x_wconf 90' lang='lat' dir='ltr'>p.</span> <span class='ocrx_word' id='word_1_227' title='bbox 381 1642 458 1680; x_wconf 72' lang='lat'>472)</span> <span class='ocrx_word' id='word_1_228' title='bbox 486 1642 659 1674; x_wconf 85' lang='lat' dir='ltr'>Henzenus</span> <span class='ocrx_word' id='word_1_229' title='bbox 685 1642 872 1681; x_wconf 68' lang='lat' dir='ltr'>intellexit3</span> <span class='ocrx_word' id='word_1_230' title='bbox 898 1642 1126 1684; x_wconf 82' lang='lat' dir='ltr'>supplementa</span> <span class='ocrx_word' id='word_1_231' title='bbox 1153 1646 1261 1673; x_wconf 87' lang='lat' dir='ltr'>tamen</span> <span class='ocrx_word' id='word_1_232' title='bbox 1288 1641 1327 1672; x_wconf 85' lang='lat' dir='ltr'>ab</span> <span class='ocrx_word' id='word_1_233' title='bbox 1354 1651 1392 1672; x_wconf 88' lang='lat' dir='ltr'>eo</span> <span class='ocrx_word' id='word_1_234' title='bbox 1420 1642 1591 1683; x_wconf 85' lang='lat' dir='ltr'>proposita</span> <span class='ocrx_word' id='word_1_235' title='bbox 1616 1642 1714 1684; x_wconf 84' lang='lat' dir='ltr'>longe</span> <span class='ocrx_word' id='word_1_236' title='bbox 1740 1644 1901 1676; x_wconf 84' lang='lat' dir='ltr'>recedunt</span> <span class='ocrx_word' id='word_1_237' title='bbox 1926 1645 1965 1676; x_wconf 88' lang='lat' dir='ltr'>ab</span> 
     </span>
     <span class='ocr_line' id='line_1_23' title="bbox 171 1697 1966 1744; baseline 0.002 -14"><span class='ocrx_word' id='word_1_238' title='bbox 171 1699 287 1730; x_wconf 88' lang='lat' dir='ltr'>horum</span> <span class='ocrx_word' id='word_1_239' title='bbox 313 1698 474 1731; x_wconf 83' lang='lat' dir='ltr'>fastorum</span> <span class='ocrx_word' id='word_1_240' title='bbox 502 1699 724 1740; x_wconf 78' lang='lat' dir='ltr'>ordinatione,</span> <span class='ocrx_word' id='word_1_241' title='bbox 752 1699 881 1742; x_wconf 83' lang='lat' dir='ltr'>qualem</span> <span class='ocrx_word' id='word_1_242' title='bbox 909 1698 1066 1740; x_wconf 72' lang='lat' dir='ltr'>patefacit</span> <span class='ocrx_word' id='word_1_243' title='bbox 1092 1697 1234 1730; x_wconf 86' lang='lat' dir='ltr'>frustum</span> <span class='ocrx_word' id='word_1_244' title='bbox 1262 1698 1405 1730; x_wconf 84' lang='lat' dir='ltr'>alterum</span> <span class='ocrx_word' id='word_1_245' title='bbox 1432 1700 1544 1740; x_wconf 82' lang='lat' dir='ltr'>(supra</span> <span class='ocrx_word' id='word_1_246' title='bbox 1564 1710 1592 1741; x_wconf 88' lang='lat' dir='ltr'>p.</span> <span class='ocrx_word' id='word_1_247' title='bbox 1612 1700 1685 1740; x_wconf 70' lang='lat'>(31),</span> <span class='ocrx_word' id='word_1_248' title='bbox 1717 1701 1848 1733; x_wconf 85' lang='lat' dir='ltr'>scilicet</span> <span class='ocrx_word' id='word_1_249' title='bbox 1866 1712 1966 1744; x_wconf 90' lang='lat' dir='ltr'>ponc-</span> 
     </span>
     <span class='ocr_line' id='line_1_24' title="bbox 173 1755 1965 1798; baseline 0.002 -11"><span class='ocrx_word' id='word_1_250' title='bbox 173 1756 293 1788; x_wconf 86' lang='lat' dir='ltr'>bantur</span> <span class='ocrx_word' id='word_1_251' title='bbox 324 1755 370 1788; x_wconf 89' lang='lat' dir='ltr'>ibi</span> <span class='ocrx_word' id='word_1_252' title='bbox 402 1756 541 1798; x_wconf 88' lang='lat' dir='ltr'>primum</span> <span class='ocrx_word' id='word_1_253' title='bbox 574 1758 727 1789; x_wconf 78' lang='lat' dir='ltr'>consules</span> <span class='ocrx_word' id='word_1_254' title='bbox 760 1757 838 1788; x_wconf 91' lang='lat' dir='ltr'>anni</span> <span class='ocrx_word' id='word_1_255' title='bbox 871 1757 996 1797; x_wconf 78' lang='lat' dir='ltr'>totius,</span> <span class='ocrx_word' id='word_1_256' title='bbox 1030 1756 1148 1788; x_wconf 87' lang='lat' dir='ltr'>deinde</span> <span class='ocrx_word' id='word_1_257' title='bbox 1180 1766 1233 1787; x_wconf 88' lang='lat' dir='ltr'>res</span> <span class='ocrx_word' id='word_1_258' title='bbox 1265 1755 1337 1787; x_wconf 87' lang='lat' dir='ltr'>eius</span> <span class='ocrx_word' id='word_1_259' title='bbox 1373 1756 1449 1787; x_wconf 91' lang='lat' dir='ltr'>anni</span> <span class='ocrx_word' id='word_1_260' title='bbox 1478 1757 1729 1796; x_wconf 85' lang='lat' dir='ltr'>memorabiles,</span> <span class='ocrx_word' id='word_1_261' title='bbox 1762 1758 1864 1790; x_wconf 82' lang='lat' dir='ltr'>tertio</span> <span class='ocrx_word' id='word_1_262' title='bbox 1890 1759 1965 1790; x_wconf 90' lang='lat' dir='ltr'>loco</span> 
     </span>
     <span class='ocr_line' id='line_1_25' title="bbox 172 1813 1964 1856; baseline 0.001 -10"><span class='ocrx_word' id='word_1_263' title='bbox 172 1814 390 1855; x_wconf 80' lang='lat' dir='ltr'>magistratus</span> <span class='ocrx_word' id='word_1_264' title='bbox 417 1814 489 1846; x_wconf 85' lang='lat' dir='ltr'>cius</span> <span class='ocrx_word' id='word_1_265' title='bbox 515 1815 594 1846; x_wconf 91' lang='lat' dir='ltr'>anni</span> <span class='ocrx_word' id='word_1_266' title='bbox 620 1814 849 1856; x_wconf 84' lang='lat' dir='ltr'>municipales.</span> <span class='ocrx_word' id='word_1_267' title='bbox 891 1813 1099 1845; x_wconf 86' lang='lat' dir='ltr'>Crediderim</span> <span class='ocrx_word' id='word_1_268' title='bbox 1125 1814 1273 1855; x_wconf 82' lang='lat' dir='ltr'>equidem</span> <span class='ocrx_word' id='word_1_269' title='bbox 1301 1813 1495 1854; x_wconf 88' lang='lat' dir='ltr'>particulam</span> <span class='ocrx_word' id='word_1_270' title='bbox 1513 1814 1596 1845; x_wconf 90' lang='lat' dir='ltr'>hanc</span> <span class='ocrx_word' id='word_1_271' title='bbox 1613 1815 1782 1856; x_wconf 84' lang='lat' dir='ltr'>pertinere</span> <span class='ocrx_word' id='word_1_272' title='bbox 1801 1816 1839 1847; x_wconf 89' lang='lat' dir='ltr'>ad</span> <span class='ocrx_word' id='word_1_273' title='bbox 1858 1816 1964 1848; x_wconf 91' lang='lat' dir='ltr'>solum</span> 
     </span>
     <span class='ocr_line' id='line_1_26' title="bbox 170 1870 991 1903; baseline 0 -1"><span class='ocrx_word' id='word_1_274' title='bbox 170 1881 288 1903; x_wconf 88' lang='lat' dir='ltr'>annum</span> <span class='ocrx_word' id='word_1_275' title='bbox 315 1871 376 1901; x_wconf 77' lang='lat'>757</span> <span class='ocrx_word' id='word_1_276' title='bbox 404 1875 437 1902; x_wconf 84' lang='lat' dir='ltr'>ct</span> <span class='ocrx_word' id='word_1_277' title='bbox 463 1871 510 1903; x_wconf 89' lang='lat' dir='ltr'>sic</span> <span class='ocrx_word' id='word_1_278' title='bbox 536 1870 606 1903; x_wconf 84' lang='lat' dir='ltr'>sere</span> <span class='ocrx_word' id='word_1_279' title='bbox 634 1871 873 1902; x_wconf 83' lang='lat' dir='ltr'>restituendam</span> <span class='ocrx_word' id='word_1_280' title='bbox 900 1880 991 1902; x_wconf 84' lang='lat' dir='ltr'>esse:</span> 
     </span>
    </p>
   </div>
   <div class='ocr_carea' id='block_1_5' title="bbox 436 1940 1702 2492">
    <p class='ocr_par' dir='ltr' id='par_1_5' title="bbox 436 1940 1702 2040">
     <span class='ocr_line' id='line_1_27' title="bbox 436 1940 1702 1972; baseline 0 -1"><span class='ocrx_word' id='word_1_281' title='bbox 436 1950 500 1972; x_wconf 89' lang='lat' dir='ltr'>cos.</span> <span class='ocrx_word' id='word_1_282' title='bbox 702 1951 775 1972; x_wconf 59' lang='lat' dir='ltr'>scau</span> <span class='ocrx_word' id='word_1_283' title='bbox 837 1940 943 1971; x_wconf 67' lang='lat' dir='ltr'>aelius</span> <span class='ocrx_word' id='word_1_284' title='bbox 990 1941 1086 1971; x_wconf 74' lang='lat' dir='ltr'>catus</span> <span class='ocrx_word' id='word_1_285' title='bbox 1254 1948 1279 1970; x_wconf 85' lang='lat' dir='ltr'>c.</span> <span class='ocrx_word' id='word_1_286' title='bbox 1328 1940 1457 1969; x_wconf 72' lang='lat' dir='ltr'>sentias</span> <span class='ocrx_word' id='word_1_287' title='bbox 1504 1941 1702 1971; x_wconf 71' lang='lat' dir='ltr'>saturninus</span> 
     </span>
     <span class='ocr_line' id='line_1_28' title="bbox 704 1994 1702 2040; baseline 0 -12"><span class='ocrx_word' id='word_1_288' title='bbox 704 1999 776 2040; x_wconf 78' lang='lat' dir='ltr'>sus.</span> <span class='ocrx_word' id='word_1_289' title='bbox 846 1997 875 2028; x_wconf 71' lang='lat' dir='ltr'>lt.</span> <span class='ocrx_word' id='word_1_290' title='bbox 940 1996 996 2028; x_wconf 75' lang='lat' dir='ltr'>iul.</span> <span class='ocrx_word' id='word_1_291' title='bbox 1201 2005 1227 2026; x_wconf 84' lang='lat' dir='ltr'>c.</span> <span class='ocrx_word' id='word_1_292' title='bbox 1344 1994 1468 2027; x_wconf 80' lang='lat' dir='ltr'>clodius</span> <span class='ocrx_word' id='word_1_293' title='bbox 1581 1996 1702 2028; x_wconf 75' lang='lat' dir='ltr'>licinus</span> 
     </span>
    </p>

    <p class='ocr_par' dir='ltr' id='par_1_6' title="bbox 1213 2054 1700 2085">
     <span class='ocr_line' id='line_1_29' title="bbox 1213 2054 1700 2085; baseline 0.004 -2"><span class='ocrx_word' id='word_1_294' title='bbox 1213 2062 1263 2084; x_wconf 82' lang='lat' dir='ltr'>cn.</span> <span class='ocrx_word' id='word_1_295' title='bbox 1325 2054 1453 2084; x_wconf 75' lang='lat' dir='ltr'>sentz&#39;us</span> <span class='ocrx_word' id='word_1_296' title='bbox 1500 2055 1700 2085; x_wconf 72' lang='lat' dir='ltr'>saturninus</span> 
     </span>
    </p>

    <p class='ocr_par' dir='ltr' id='par_1_7' title="bbox 456 2110 1701 2209">
     <span class='ocr_line' id='line_1_30' title="bbox 456 2110 1700 2152; baseline 0.001 -11"><span class='ocrx_word' id='word_1_297' title='bbox 456 2111 531 2141; x_wconf 73' lang='lat' dir='ltr'>aiiii</span> <span class='ocrx_word' id='word_1_298' title='bbox 565 2110 595 2141; x_wconf 57' lang='lat' dir='ltr'>hu</span> <span class='ocrx_word' id='word_1_299' title='bbox 668 2113 767 2142; x_wconf 74' lang='grc' dir='ltr'><em>ηιανέ.</em></span> <span class='ocrx_word' id='word_1_300' title='bbox 839 2122 865 2141; x_wconf 78' lang='lat' dir='ltr'>c.</span> <span class='ocrx_word' id='word_1_301' title='bbox 928 2120 1044 2142; x_wconf 79' lang='lat' dir='ltr'>caesar</span> <span class='ocrx_word' id='word_1_302' title='bbox 1101 2117 1182 2142; x_wconf 75' lang='lat' dir='ltr'>AVG</span> <span class='ocrx_word' id='word_1_303' title='bbox 1215 2126 1223 2134; x_wconf 94' lang='lat'><strong>·</strong></span> <span class='ocrx_word' id='word_1_304' title='bbox 1256 2118 1275 2142; x_wconf 85' lang='lat' dir='ltr'>F</span> <span class='ocrx_word' id='word_1_305' title='bbox 1307 2125 1316 2134; x_wconf 89' lang='lat'><strong>·</strong></span> <span class='ocrx_word' id='word_1_306' title='bbox 1348 2110 1507 2142; x_wconf 69' lang='lat' dir='ltr'>Decessit</span> <span class='ocrx_word' id='word_1_307' title='bbox 1542 2111 1574 2140; x_wconf 79' lang='lat'><em>1¹11</em></span> <span class='ocrx_word' id='word_1_308' title='bbox 1613 2110 1700 2152; x_wconf 71' lang='lat' dir='ltr'>lycia</span> 
     </span>
     <span class='ocr_line' id='line_1_31' title="bbox 561 2167 1701 2209; baseline 0.002 -11"><span class='ocrx_word' id='word_1_309' title='bbox 561 2177 687 2198; x_wconf 71' lang='lat' dir='ltr'>(tultam</span> <span class='ocrx_word' id='word_1_310' title='bbox 729 2178 835 2209; x_wconf 71' lang='lat' dir='ltr'>agens</span> <span class='ocrx_word' id='word_1_311' title='bbox 871 2169 966 2200; x_wconf 73' lang='lat' dir='ltr'>.r;1·i11</span> <span class='ocrx_word' id='word_1_312' title='bbox 1014 2183 1020 2190; x_wconf 95' lang='lat'><em>·</em></span> <span class='ocrx_word' id='word_1_313' title='bbox 1069 2174 1205 2200; x_wconf 81' lang='lat' dir='ltr'>ROMAE</span> <span class='ocrx_word' id='word_1_314' title='bbox 1251 2182 1259 2190; x_wconf 91' lang='lat'><strong>·</strong></span> <span class='ocrx_word' id='word_1_315' title='bbox 1299 2168 1497 2200; x_wconf 73' lang='lat' dir='ltr'>IVSTITz&#39;um.</span> <span class='ocrx_word' id='word_1_316' title='bbox 1611 2167 1701 2200; x_wconf 71' lang='lat' dir='ltr'>indic</span> 
     </span>
    </p>

    <p class='ocr_par' dir='ltr' id='par_1_8' title="bbox 558 2226 1700 2323">
     <span class='ocr_line' id='line_1_32' title="bbox 561 2226 1698 2258; baseline 0 -3"><span class='ocrx_word' id='word_1_317' title='bbox 561 2227 629 2255; x_wconf 75' lang='lat' dir='ltr'>tam</span> <span class='ocrx_word' id='word_1_318' title='bbox 725 2227 772 2255; x_wconf 57' lang='lat' dir='ltr'>‹as-t</span> <span class='ocrx_word' id='word_1_319' title='bbox 867 2232 1003 2258; x_wconf 81' lang='lat' dir='ltr'><strong>DONEC</strong></span> <span class='ocrx_word' id='word_1_320' title='bbox 1019 2239 1027 2249; x_wconf 89' lang='lat'><strong>·</strong></span> <span class='ocrx_word' id='word_1_321' title='bbox 1042 2230 1252 2257; x_wconf 80' lang='lat' dir='ltr'>OSSA-EIVS</span> <span class='ocrx_word' id='word_1_322' title='bbox 1269 2239 1278 2248; x_wconf 88' lang='lat'><strong>·</strong></span> <span class='ocrx_word' id='word_1_323' title='bbox 1297 2232 1337 2256; x_wconf 84' lang='lat' dir='ltr'>IN</span> <span class='ocrx_word' id='word_1_324' title='bbox 1356 2239 1364 2248; x_wconf 90' lang='lat'><strong>·</strong></span> <span class='ocrx_word' id='word_1_325' title='bbox 1390 2231 1643 2258; x_wconf 77' lang='lat' dir='ltr'>znaESOLaenm</span> <span class='ocrx_word' id='word_1_326' title='bbox 1663 2226 1698 2256; x_wconf 80' lang='lat' dir='ltr'>in</span> 
     </span>
     <span class='ocr_line' id='line_1_33' title="bbox 558 2282 1700 2323; baseline 0.001 -11"><span class='ocrx_word' id='word_1_327' title='bbox 558 2283 734 2323; x_wconf 75' lang='lat' dir='ltr'>ferrentur</span> <span class='ocrx_word' id='word_1_328' title='bbox 868 2288 894 2313; x_wconf 93' lang='lat' dir='ltr'>V</span> <span class='ocrx_word' id='word_1_329' title='bbox 917 2297 924 2304; x_wconf 94' lang='lat'><em>·</em></span> <span class='ocrx_word' id='word_1_330' title='bbox 949 2289 1011 2314; x_wconf 87' lang='lat' dir='ltr'>ElD</span> <span class='ocrx_word' id='word_1_331' title='bbox 1042 2296 1050 2305; x_wconf 89' lang='lat'><em>·</em></span> <span class='ocrx_word' id='word_1_332' title='bbox 1083 2287 1171 2314; x_wconf 80' lang='lat' dir='ltr'>SEPT</span> <span class='ocrx_word' id='word_1_333' title='bbox 1202 2295 1209 2303; x_wconf 90' lang='lat'><strong>·</strong></span> <span class='ocrx_word' id='word_1_334' title='bbox 1241 2288 1388 2314; x_wconf 87' lang='lat' dir='ltr'>BELLVM</span> <span class='ocrx_word' id='word_1_335' title='bbox 1412 2296 1421 2305; x_wconf 94' lang='lat'><strong>·</strong></span> <span class='ocrx_word' id='word_1_336' title='bbox 1445 2288 1527 2314; x_wconf 87' lang='lat' dir='ltr'>CVM</span> <span class='ocrx_word' id='word_1_337' title='bbox 1549 2282 1700 2313; x_wconf 73' lang='lat' dir='ltr'>hostfbus</span> 
     </span>
    </p>

    <p class='ocr_par' dir='ltr' id='par_1_9' title="bbox 560 2337 1699 2436">
     <span class='ocr_line' id='line_1_34' title="bbox 560 2337 1699 2380; baseline 0 -11"><span class='ocrx_word' id='word_1_338' title='bbox 560 2348 590 2380; x_wconf 79' lang='lat' dir='ltr'>p.</span> <span class='ocrx_word' id='word_1_339' title='bbox 642 2348 667 2369; x_wconf 75' lang='grc' dir='ltr'>ν.</span> <span class='ocrx_word' id='word_1_340' title='bbox 711 2348 833 2379; x_wconf 69' lang='lat' dir='ltr'>gerens</span> <span class='ocrx_word' id='word_1_341' title='bbox 875 2346 913 2370; x_wconf 79' lang='lat' dir='ltr'>IN</span> <span class='ocrx_word' id='word_1_342' title='bbox 966 2353 974 2361; x_wconf 91' lang='lat'><strong>·</strong></span> <span class='ocrx_word' id='word_1_343' title='bbox 1024 2345 1205 2370; x_wconf 75' lang='lat' dir='ltr'>ARMENIA</span> <span class='ocrx_word' id='word_1_344' title='bbox 1254 2352 1263 2361; x_wconf 93' lang='lat'><strong>·</strong></span> <span class='ocrx_word' id='word_1_345' title='bbox 1314 2345 1523 2371; x_wconf 71' lang='lat' dir='ltr'>PERCVSSus</span> <span class='ocrx_word' id='word_1_346' title='bbox 1548 2337 1699 2370; x_wconf 58' lang='lat' dir='ltr'>endum</span> 
     </span>
     <span class='ocr_line' id='line_1_35' title="bbox 562 2393 1696 2436; baseline 0.003 -13"><span class='ocrx_word' id='word_1_347' title='bbox 562 2393 684 2425; x_wconf 68' lang='lat' dir='ltr'>obsidet</span> <span class='ocrx_word' id='word_1_348' title='bbox 841 2402 1063 2428; x_wconf 77' lang='lat' dir='ltr'>arTAGIRAM</span> <span class='ocrx_word' id='word_1_349' title='bbox 1180 2411 1188 2419; x_wconf 92' lang='lat'><strong>·</strong></span> <span class='ocrx_word' id='word_1_350' title='bbox 1283 2395 1464 2427; x_wconf 79' lang='lat' dir='ltr'>ARMem&#39;ao</span> <span class='ocrx_word' id='word_1_351' title='bbox 1538 2393 1696 2436; x_wconf 68' lang='lat' dir='ltr'>oppidum</span> 
     </span>
    </p>

    <p class='ocr_par' dir='ltr' id='par_1_10' title="bbox 451 2448 1697 2492">
     <span class='ocr_line' id='line_1_36' title="bbox 451 2448 1697 2492; baseline 0 -12"><span class='ocrx_word' id='word_1_352' title='bbox 451 2460 471 2480; x_wconf 76' lang='grc' dir='ltr'>ιι</span> <span class='ocrx_word' id='word_1_353' title='bbox 509 2450 538 2481; x_wconf 69' lang='lat' dir='ltr'>lt.</span> <span class='ocrx_word' id='word_1_354' title='bbox 601 2450 656 2481; x_wconf 75' lang='lat' dir='ltr'>lul.</span> <span class='ocrx_word' id='word_1_355' title='bbox 717 2452 793 2492; x_wconf 83' lang='lat' dir='ltr'>imp.</span> <span class='ocrx_word' id='word_1_356' title='bbox 855 2460 970 2482; x_wconf 81' lang='lat' dir='ltr'>caesar</span> <span class='ocrx_word' id='word_1_357' title='bbox 1064 2459 1099 2484; x_wconf 86' lang='lat' dir='ltr'>T1</span> <span class='ocrx_word' id='word_1_358' title='bbox 1141 2467 1150 2476; x_wconf 91' lang='lat'><strong>·</strong></span> <span class='ocrx_word' id='word_1_359' title='bbox 1184 2451 1216 2492; x_wconf 77' lang='lat' dir='ltr'><em>s</em></span> <span class='ocrx_word' id='word_1_360' title='bbox 1255 2466 1262 2474; x_wconf 92' lang='lat'><strong>·</strong></span> <span class='ocrx_word' id='word_1_361' title='bbox 1304 2459 1452 2484; x_wconf 74' lang='lat' dir='ltr'>Drusum</span> <span class='ocrx_word' id='word_1_362' title='bbox 1476 2460 1508 2481; x_wconf 82' lang='lat'>11.</span> <span class='ocrx_word' id='word_1_363' title='bbox 1528 2448 1697 2492; x_wconf 75' lang='lat' dir='ltr'>adoptat-it</span> 
     </span>
    </p>
   </div>
   <div class='ocr_carea' id='block_1_6' title="bbox 150 2522 1962 3132">
    <p class='ocr_par' dir='ltr' id='par_1_11' title="bbox 150 2522 1962 3132">
     <span class='ocr_line' id='line_1_37' title="bbox 170 2522 1961 2567; baseline 0.001 -12"><span class='ocrx_word' id='word_1_364' title='bbox 170 2523 330 2555; x_wconf 81' lang='lat' dir='ltr'>Extremo</span> <span class='ocrx_word' id='word_1_365' title='bbox 350 2534 462 2564; x_wconf 80' lang='lat' dir='ltr'>versu,</span> <span class='ocrx_word' id='word_1_366' title='bbox 488 2524 544 2556; x_wconf 91' lang='lat' dir='ltr'>ubi</span> <span class='ocrx_word' id='word_1_367' title='bbox 569 2533 657 2558; x_wconf 80' lang='lat' dir='ltr'>T11-:D</span> <span class='ocrx_word' id='word_1_368' title='bbox 684 2525 840 2565; x_wconf 81' lang='lat' dir='ltr'>traditur,</span> <span class='ocrx_word' id='word_1_369' title='bbox 868 2530 1006 2567; x_wconf 82' lang='lat' dir='ltr'>possunt</span> <span class='ocrx_word' id='word_1_370' title='bbox 1033 2525 1132 2556; x_wconf 86' lang='lat' dir='ltr'>etiam</span> <span class='ocrx_word' id='word_1_371' title='bbox 1155 2526 1292 2556; x_wconf 85' lang='lat' dir='ltr'>uvirum</span> <span class='ocrx_word' id='word_1_372' title='bbox 1311 2524 1442 2555; x_wconf 89' lang='lat' dir='ltr'>nomina</span> <span class='ocrx_word' id='word_1_373' title='bbox 1460 2522 1575 2562; x_wconf 76' lang='lat' dir='ltr'>fuisse,</span> <span class='ocrx_word' id='word_1_374' title='bbox 1602 2533 1790 2565; x_wconf 86' lang='lat' dir='ltr'>quamquam</span> <span class='ocrx_word' id='word_1_375' title='bbox 1810 2525 1961 2566; x_wconf 87' lang='lat' dir='ltr'>adoptio-</span> 
     </span>
     <span class='ocr_line' id='line_1_38' title="bbox 172 2577 1962 2622; baseline 0.001 -13"><span class='ocrx_word' id='word_1_376' title='bbox 172 2589 241 2610; x_wconf 88' lang='lat' dir='ltr'>nem</span> <span class='ocrx_word' id='word_1_377' title='bbox 259 2577 387 2609; x_wconf 86' lang='lat' dir='ltr'>Tiberii</span> <span class='ocrx_word' id='word_1_378' title='bbox 412 2578 472 2609; x_wconf 86' lang='lat' dir='ltr'>filii</span> <span class='ocrx_word' id='word_1_379' title='bbox 498 2580 699 2622; x_wconf 86' lang='lat' dir='ltr'>duorumque</span> <span class='ocrx_word' id='word_1_380' title='bbox 726 2585 878 2621; x_wconf 85' lang='lat' dir='ltr'>nepotum</span> <span class='ocrx_word' id='word_1_381' title='bbox 905 2592 923 2612; x_wconf 89' lang='lat' dir='ltr'>a</span> <span class='ocrx_word' id='word_1_382' title='bbox 949 2579 1114 2612; x_wconf 87' lang='lat' dir='ltr'>laterculo</span> <span class='ocrx_word' id='word_1_383' title='bbox 1141 2591 1204 2610; x_wconf 88' lang='lat' dir='ltr'>non</span> <span class='ocrx_word' id='word_1_384' title='bbox 1231 2578 1353 2610; x_wconf 85' lang='lat' dir='ltr'>afuisse</span> <span class='ocrx_word' id='word_1_385' title='bbox 1380 2578 1575 2610; x_wconf 76' lang='lat' dir='ltr'>verisimile.</span> <span class='ocrx_word' id='word_1_386' title='bbox 1618 2577 1650 2609; x_wconf 80' lang='lat' dir='ltr'>ln</span> <span class='ocrx_word' id='word_1_387' title='bbox 1676 2578 1866 2610; x_wconf 78' lang='lat' dir='ltr'>universum</span> <span class='ocrx_word' id='word_1_388' title='bbox 1885 2589 1962 2610; x_wconf 90' lang='lat' dir='ltr'>cou-</span> 
     </span>
     <span class='ocr_line' id='line_1_39' title="bbox 170 2635 1960 2678; baseline 0.001 -12"><span class='ocrx_word' id='word_1_389' title='bbox 170 2635 338 2667; x_wconf 80' lang='lat' dir='ltr'>ferenduin</span> <span class='ocrx_word' id='word_1_390' title='bbox 373 2641 423 2667; x_wconf 83' lang='lat' dir='ltr'>est</span> <span class='ocrx_word' id='word_1_391' title='bbox 458 2636 624 2668; x_wconf 84' lang='lat' dir='ltr'>decretum</span> <span class='ocrx_word' id='word_1_392' title='bbox 658 2637 849 2669; x_wconf 79' lang='lat' dir='ltr'>l&#39;isanorum</span> <span class='ocrx_word' id='word_1_393' title='bbox 876 2637 995 2678; x_wconf 80' lang='lat' dir='ltr'>(Orell.</span> <span class='ocrx_word' id='word_1_394' title='bbox 1024 2637 1117 2675; x_wconf 74' lang='lat'>643),</span> <span class='ocrx_word' id='word_1_395' title='bbox 1152 2637 1183 2668; x_wconf 92' lang='lat' dir='ltr'>in</span> <span class='ocrx_word' id='word_1_396' title='bbox 1217 2647 1279 2678; x_wconf 89' lang='lat' dir='ltr'>quo</span> <span class='ocrx_word' id='word_1_397' title='bbox 1305 2636 1355 2667; x_wconf 90' lang='lat' dir='ltr'>sic</span> <span class='ocrx_word' id='word_1_398' title='bbox 1380 2640 1446 2667; x_wconf 84' lang='lat' dir='ltr'>est:</span> <span class='ocrx_word' id='word_1_399' title='bbox 1481 2635 1512 2666; x_wconf 88' lang='lat' dir='ltr'>C.</span> <span class='ocrx_word' id='word_1_400' title='bbox 1543 2635 1719 2666; x_wconf 74' lang='lat' dir='ltr'>Caesarem</span> <span class='ocrx_word' id='word_1_401' title='bbox 1744 2637 1896 2677; x_wconf 74' lang='lat' dir='ltr'>Augusti</span> <span class='ocrx_word' id='word_1_402' title='bbox 1919 2655 1960 2659; x_wconf 74' lang='lat'>—</span> 
     </span>
     <span class='ocr_line' id='line_1_40' title="bbox 165 2691 1960 2736; baseline 0 -11"><span class='ocrx_word' id='word_1_403' title='bbox 165 2693 281 2734; x_wconf 74' lang='lat' dir='ltr'>filium</span> <span class='ocrx_word' id='word_1_404' title='bbox 307 2692 378 2724; x_wconf 71' lang='lat' dir='ltr'>divi</span> <span class='ocrx_word' id='word_1_405' title='bbox 400 2695 550 2735; x_wconf 76' lang='lat' dir='ltr'>nepotem</span> <span class='ocrx_word' id='word_1_406' title='bbox 573 2696 648 2735; x_wconf 82' lang='lat' dir='ltr'>post</span> <span class='ocrx_word' id='word_1_407' title='bbox 673 2693 889 2733; x_wconf 75' lang='lat' dir='ltr'>consulatum,</span> <span class='ocrx_word' id='word_1_408' title='bbox 915 2705 1010 2736; x_wconf 79' lang='lat' dir='ltr'>quem</span> <span class='ocrx_word' id='word_1_409' title='bbox 1030 2694 1120 2725; x_wconf 73' lang='lat' dir='ltr'>ultra</span> <span class='ocrx_word' id='word_1_410' title='bbox 1137 2694 1217 2735; x_wconf 77' lang='lat' dir='ltr'>finis</span> <span class='ocrx_word' id='word_1_411' title='bbox 1232 2695 1408 2724; x_wconf 67' lang='lat' dir='ltr'>ecrtrcmas</span> <span class='ocrx_word' id='word_1_412' title='bbox 1421 2692 1534 2735; x_wconf 72' lang='lat' dir='ltr'>populi</span> <span class='ocrx_word' id='word_1_413' title='bbox 1548 2691 1691 2723; x_wconf 75' lang='lat' dir='ltr'>Romani</span> <span class='ocrx_word' id='word_1_414' title='bbox 1706 2692 1823 2723; x_wconf 79' lang='lat' dir='ltr'>bellum</span> <span class='ocrx_word' id='word_1_415' title='bbox 1836 2703 1960 2735; x_wconf 66' lang='lat' dir='ltr'>gerens</span> 
     </span>
     <span class='ocr_line' id='line_1_41' title="bbox 150 2747 1962 2794; baseline 0.002 -14"><span class='ocrx_word' id='word_1_416' title='bbox 150 2749 316 2792; x_wconf 78' lang='lat' dir='ltr'>-felt&#39;cz&#39;ter</span> <span class='ocrx_word' id='word_1_417' title='bbox 337 2751 531 2792; x_wconf 75' lang='lat' dir='ltr'>peregerat,</span> <span class='ocrx_word' id='word_1_418' title='bbox 561 2750 638 2781; x_wconf 78' lang='lat' dir='ltr'>belle</span> <span class='ocrx_word' id='word_1_419' title='bbox 663 2753 763 2792; x_wconf 72' lang='lat' dir='ltr'>gesta</span> <span class='ocrx_word' id='word_1_420' title='bbox 788 2762 823 2783; x_wconf 78' lang='lat' dir='ltr'>re</span> <span class='ocrx_word' id='word_1_421' title='bbox 844 2751 996 2794; x_wconf 80' lang='lat' dir='ltr'>publiea,</span> <span class='ocrx_word' id='word_1_422' title='bbox 1025 2750 1179 2782; x_wconf 77' lang='lat' dir='ltr'>dcrictez&#39;s</span> <span class='ocrx_word' id='word_1_423' title='bbox 1204 2753 1262 2781; x_wconf 73' lang='lat' dir='ltr'>(tut</span> <span class='ocrx_word' id='word_1_424' title='bbox 1287 2749 1320 2781; x_wconf 81' lang='grc' dir='ltr'>ὶη</span> <span class='ocrx_word' id='word_1_425' title='bbox 1343 2749 1452 2791; x_wconf 84' lang='lat' dir='ltr'>fidem</span> <span class='ocrx_word' id='word_1_426' title='bbox 1476 2751 1615 2792; x_wconf 69' lang='lat' dir='ltr'>receptis</span> <span class='ocrx_word' id='word_1_427' title='bbox 1640 2747 1900 2781; x_wconf 69' lang='lat' dir='ltr'>bellicosissimis</span> <span class='ocrx_word' id='word_1_428' title='bbox 1922 2761 1962 2783; x_wconf 80' lang='lat' dir='ltr'>ae</span> 
     </span>
     <span class='ocr_line' id='line_1_42' title="bbox 169 2805 1960 2851; baseline 0 -14"><span class='ocrx_word' id='word_1_429' title='bbox 169 2808 334 2838; x_wconf 61' lang='lat' dir='ltr'>maritmis</span> <span class='ocrx_word' id='word_1_430' title='bbox 347 2807 513 2847; x_wconf 70' lang='lat' dir='ltr'>gentibus,</span> <span class='ocrx_word' id='word_1_431' title='bbox 531 2808 640 2849; x_wconf 74' lang='lat' dir='ltr'>ipsum</span> <span class='ocrx_word' id='word_1_432' title='bbox 659 2806 842 2840; x_wconf 66' lang='lat' dir='ltr'>volneribus</span> <span class='ocrx_word' id='word_1_433' title='bbox 855 2818 916 2851; x_wconf 83' lang='lat' dir='ltr'>pro</span> <span class='ocrx_word' id='word_1_434' title='bbox 933 2820 969 2840; x_wconf 74' lang='lat' dir='ltr'>re</span> <span class='ocrx_word' id='word_1_435' title='bbox 983 2808 1116 2851; x_wconf 68' lang='lat' dir='ltr'>publica</span> <span class='ocrx_word' id='word_1_436' title='bbox 1133 2809 1281 2850; x_wconf 62' lang='lat' dir='ltr'>exceptis</span> <span class='ocrx_word' id='word_1_437' title='bbox 1298 2809 1333 2838; x_wconf 75' lang='lat' dir='ltr'>in</span> <span class='ocrx_word' id='word_1_438' title='bbox 1351 2817 1385 2838; x_wconf 84' lang='lat' dir='ltr'>eo</span> <span class='ocrx_word' id='word_1_439' title='bbox 1403 2817 1480 2838; x_wconf 71' lang='lat' dir='ltr'>casu</span> <span class='ocrx_word' id='word_1_440' title='bbox 1497 2805 1686 2838; x_wconf 55' lang='lat' dir='ltr'>crudelibus</span> <span class='ocrx_word' id='word_1_441' title='bbox 1701 2807 1798 2849; x_wconf 73' lang='lat' dir='ltr'>satis</span> <span class='ocrx_word' id='word_1_442' title='bbox 1814 2810 1960 2849; x_wconf 77' lang='lat' dir='ltr'>ereptum</span> 
     </span>
     <span class='ocr_line' id='line_1_43' title="bbox 167 2863 1960 2907; baseline 0.001 -12"><span class='ocrx_word' id='word_1_443' title='bbox 167 2863 287 2907; x_wconf 77' lang='lat' dir='ltr'>populo</span> <span class='ocrx_word' id='word_1_444' title='bbox 311 2863 460 2904; x_wconf 53' lang='grc' dir='ltr'><em>Βοῡαηο</em></span> <span class='ocrx_word' id='word_1_445' title='bbox 491 2868 523 2894; x_wconf 83' lang='lat' dir='ltr'>et</span> <span class='ocrx_word' id='word_1_446' title='bbox 551 2868 627 2905; x_wconf 86' lang='lat' dir='ltr'>post</span> <span class='ocrx_word' id='word_1_447' title='bbox 651 2865 735 2896; x_wconf 85' lang='lat' dir='ltr'>alia:</span> <span class='ocrx_word' id='word_1_448' title='bbox 768 2867 920 2907; x_wconf 75' lang='lat' dir='ltr'>oportere</span> <span class='ocrx_word' id='word_1_449' title='bbox 949 2876 994 2896; x_wconf 62' lang='lat' dir='ltr'>0ae</span> <span class='ocrx_word' id='word_1_450' title='bbox 1026 2875 1064 2896; x_wconf 76' lang='lat' dir='ltr'>aa</span> <span class='ocrx_word' id='word_1_451' title='bbox 1087 2864 1154 2905; x_wconf 79' lang='lat' dir='ltr'>(lie,</span> <span class='ocrx_word' id='word_1_452' title='bbox 1180 2874 1245 2906; x_wconf 77' lang='lat' dir='ltr'>qua</span> <span class='ocrx_word' id='word_1_453' title='bbox 1268 2866 1338 2896; x_wconf 73' lang='lat' dir='ltr'>eius</span> <span class='ocrx_word' id='word_1_454' title='bbox 1363 2864 1496 2896; x_wconf 72' lang='lat' dir='ltr'>decesus</span> <span class='ocrx_word' id='word_1_455' title='bbox 1521 2865 1692 2895; x_wconf 76' lang='lat' dir='ltr'>nuntiatus</span> <span class='ocrx_word' id='word_1_456' title='bbox 1717 2865 1822 2903; x_wconf 82' lang='lat' dir='ltr'>esset,</span> <span class='ocrx_word' id='word_1_457' title='bbox 1854 2874 1960 2906; x_wconf 74' lang='lat' dir='ltr'>usque</span> 
     </span>
     <span class='ocr_line' id='line_1_44' title="bbox 170 2919 1959 2964; baseline 0.001 -12"><span class='ocrx_word' id='word_1_458' title='bbox 170 2919 215 2952; x_wconf 85' lang='lat' dir='ltr'>ad</span> <span class='ocrx_word' id='word_1_459' title='bbox 236 2931 310 2951; x_wconf 80' lang='lat' dir='ltr'>eam</span> <span class='ocrx_word' id='word_1_460' title='bbox 334 2919 438 2960; x_wconf 71' lang='lat' dir='ltr'>diem,</span> <span class='ocrx_word' id='word_1_461' title='bbox 463 2930 528 2961; x_wconf 79' lang='lat' dir='ltr'>qua</span> <span class='ocrx_word' id='word_1_462' title='bbox 553 2931 627 2952; x_wconf 82' lang='lat' dir='ltr'>ossa</span> <span class='ocrx_word' id='word_1_463' title='bbox 653 2921 756 2955; x_wconf 75' lang='lat' dir='ltr'>relata</span> <span class='ocrx_word' id='word_1_464' title='bbox 780 2924 880 2963; x_wconf 73' lang='lat' dir='ltr'>atque</span> <span class='ocrx_word' id='word_1_465' title='bbox 905 2920 1037 2953; x_wconf 70' lang='lat' dir='ltr'>condita</span> <span class='ocrx_word' id='word_1_466' title='bbox 1061 2923 1210 2962; x_wconf 72' lang='lat' dir='ltr'>iustaque</span> <span class='ocrx_word' id='word_1_467' title='bbox 1235 2923 1310 2952; x_wconf 71' lang='lat' dir='ltr'>eius</span> <span class='ocrx_word' id='word_1_468' title='bbox 1334 2922 1486 2952; x_wconf 73' lang='lat' dir='ltr'>manibus</span> <span class='ocrx_word' id='word_1_469' title='bbox 1508 2922 1659 2964; x_wconf 64' lang='lat' dir='ltr'>perfecta</span> <span class='ocrx_word' id='word_1_470' title='bbox 1682 2923 1799 2961; x_wconf 76' lang='lat' dir='ltr'>essent,</span> <span class='ocrx_word' id='word_1_471' title='bbox 1825 2923 1959 2953; x_wconf 74' lang='lat' dir='ltr'>cunctos</span> 
     </span>
     <span class='ocr_line' id='line_1_45' title="bbox 172 2976 1957 3021; baseline 0 -12"><span class='ocrx_word' id='word_1_472' title='bbox 172 2979 254 3009; x_wconf 74' lang='lat' dir='ltr'>veste</span> <span class='ocrx_word' id='word_1_473' title='bbox 283 2979 417 3008; x_wconf 76' lang='lat' dir='ltr'>mutata</span> <span class='ocrx_word' id='word_1_474' title='bbox 442 2995 484 2999; x_wconf 95' lang='lat'>—</span> <span class='ocrx_word' id='word_1_475' title='bbox 509 2978 709 3009; x_wconf 72' lang='lat' dir='ltr'>convictibus</span> <span class='ocrx_word' id='word_1_476' title='bbox 740 2989 810 3009; x_wconf 84' lang='lat' dir='ltr'>sese</span> <span class='ocrx_word' id='word_1_477' title='bbox 833 2979 1003 3021; x_wconf 73' lang='lat' dir='ltr'>apstinere</span> <span class='ocrx_word' id='word_1_478' title='bbox 1028 2982 1089 3009; x_wconf 88' lang='lat' dir='ltr'>cet.</span> <span class='ocrx_word' id='word_1_479' title='bbox 1140 2976 1307 3009; x_wconf 73' lang='lat' dir='ltr'>iustitium</span> <span class='ocrx_word' id='word_1_480' title='bbox 1333 2978 1458 3009; x_wconf 88' lang='lat' dir='ltr'>nullum</span> <span class='ocrx_word' id='word_1_481' title='bbox 1483 2977 1644 3009; x_wconf 88' lang='lat' dir='ltr'>indictum</span> <span class='ocrx_word' id='word_1_482' title='bbox 1669 2982 1722 3009; x_wconf 86' lang='lat' dir='ltr'>est</span> <span class='ocrx_word' id='word_1_483' title='bbox 1746 2977 1834 3010; x_wconf 83' lang='lat' dir='ltr'>Pisis</span> <span class='ocrx_word' id='word_1_484' title='bbox 1859 2989 1957 3020; x_wconf 88' lang='lat' dir='ltr'>prop-</span> 
     </span>
     <span class='ocr_line' id='line_1_46' title="bbox 171 3033 1957 3076; baseline 0.001 -10"><span class='ocrx_word' id='word_1_485' title='bbox 171 3039 282 3073; x_wconf 78' lang='lat' dir='ltr'>terea,</span> <span class='ocrx_word' id='word_1_486' title='bbox 320 3034 403 3075; x_wconf 87' lang='lat' dir='ltr'>quod</span> <span class='ocrx_word' id='word_1_487' title='bbox 442 3043 478 3064; x_wconf 88' lang='lat' dir='ltr'>eo</span> <span class='ocrx_word' id='word_1_488' title='bbox 514 3037 661 3076; x_wconf 83' lang='lat' dir='ltr'>tempore</span> <span class='ocrx_word' id='word_1_489' title='bbox 699 3033 786 3065; x_wconf 80' lang='lat' dir='ltr'>forte</span> <span class='ocrx_word' id='word_1_490' title='bbox 823 3034 866 3065; x_wconf 92' lang='lat' dir='ltr'>ibi</span> <span class='ocrx_word' id='word_1_491' title='bbox 897 3034 1116 3074; x_wconf 78' lang='lat' dir='ltr'>magistratus</span> <span class='ocrx_word' id='word_1_492' title='bbox 1151 3046 1212 3065; x_wconf 91' lang='lat' dir='ltr'>non</span> <span class='ocrx_word' id='word_1_493' title='bbox 1248 3039 1342 3066; x_wconf 84' lang='lat' dir='ltr'>erant</span> <span class='ocrx_word' id='word_1_494' title='bbox 1378 3046 1479 3076; x_wconf 87' lang='lat' dir='ltr'>neque</span> <span class='ocrx_word' id='word_1_495' title='bbox 1510 3035 1678 3076; x_wconf 84' lang='lat' dir='ltr'>quisquam</span> <span class='ocrx_word' id='word_1_496' title='bbox 1711 3035 1783 3065; x_wconf 83' lang='lat' dir='ltr'>iure</span> <span class='ocrx_word' id='word_1_497' title='bbox 1814 3035 1957 3067; x_wconf 85' lang='lat' dir='ltr'>dicundo</span> 
     </span>
     <span class='ocr_line' id='line_1_47' title="bbox 171 3095 336 3132; baseline 0.006 -11"><span class='ocrx_word' id='word_1_498' title='bbox 171 3095 336 3132; x_wconf 86' lang='lat' dir='ltr'>praeerat.</span> 
     </span>
    </p>
   </div>
   <div class='ocr_carea' id='block_1_7' title="bbox 1698 3146 1747 3182">
    <p class='ocr_par' dir='ltr' id='par_1_12' title="bbox 1698 3146 1747 3182">
     <span class='ocr_line' id='line_1_48' title="bbox 1698 3146 1747 3182; baseline 0 -15"><span class='ocrx_word' id='word_1_499' title='bbox 1698 3146 1747 3182; x_wconf 71' lang='lat'>8³1&lt;</span> 
     </span>
    </p>
   </div>
  </div>
 </body>
</html>
