2430 3394
530 152 583 192 82
1330 149 1392 191 IV,
1423 150 1510 184 1—8

528 268 717 314 tradatur,
755 267 973 307 coniectura
1011 267 1057 306 dc
1095 281 1138 307 eo
1177 267 1358 319 capienda
1395 274 1453 306 651
1491 280 1535 305 ex
1565 266 1737 306 laterculi
1780 266 1895 306 huius
1942 268 2093 315 ordine,
2131 268 2168 307 id
2207 268 2308 320 quod

528 337 628 376 cadit
659 336 773 376 etiam
803 337 843 375 in
874 337 1041 376 aedificia
1072 335 1216 387 reliqua
1246 335 1286 374 in
1318 348 1361 374 eo
1392 335 1601 382 nominata,
1633 335 1678 374 de
1708 335 1850 386 quibus
1879 335 1975 375 nihil
2005 337 2194 376 adnotavi.

658 406 772 446 Aedes
810 405 958 446 Larum
997 408 1037 445 in
1073 417 1220 445 samma
1257 416 1367 444 sacra
1403 407 1476 444 via.
1545 404 1599 444 Cf.
1629 404 1773 443 Becker
1813 410 1888 457 top.
1917 418 1953 457 p.
1985 406 2060 444 101
2100 411 2138 445 et
2166 405 2310 444 Preller

526 475 645 527 myth.
668 475 777 514 Rom.
800 488 836 527 p.
859 475 939 514 497
969 492 1023 508 =
1055 474 1092 521 2,
1127 474 1204 511 115
1237 479 1275 512 61
1304 478 1462 525 propter
1492 472 1607 512 Lares
1638 474 1778 513 Graece
1800 470 1940 528 ἥρωας
1960 486 2057 525 quae
2077 474 2310 513 adnotantur

523 543 569 582 ad
601 544 639 583 C.
662 544 689 582 I.
712 543 754 582 L.
776 543 828 589 X,
861 542 968 581 3737
1002 548 1038 581 et
1068 543 1167 593 apud
1189 542 1400 581 Prellerum
1433 542 1552 593 myth.
1576 541 1625 580 22
1658 554 1695 594 p.
1728 541 1818 581 102.
1869 541 1992 581 Huius
2022 542 2125 581 aedis
2153 542 2308 582 titulum

522 625 606 651 csse
627 611 789 651 credidit
810 611 1030 650 Chishnllus
1050 610 1343 662 inscriptionem
1366 610 1405 649 C.
1428 611 1487 658 VI,
1510 612 1590 650 456
1611 629 1666 645 =
1688 610 1802 650 Orell.
1828 609 1946 658 1668,
1968 623 2083 661 quam
2105 611 2171 662 qui
2193 610 2310 662 origi-

522 694 609 720 nem
643 681 724 720 61115
755 680 859 719 501115
890 679 1058 731 prodidit
1079 678 1241 718 Ursinus
1271 679 1310 718 in
1333 678 1493 719 Palatini
1524 680 1668 719 montis
1690 680 1736 719 ad
1758 681 1885 719 forum
1908 679 2096 719 descensu
2116 685 2308 732 repertam

522 764 605 789 6556
645 749 797 789 scribit:
838 748 996 788 Laribus
1027 748 1186 799 publicis
1226 761 1376 787 sacrum
1412 751 1499 800 imp.
1525 748 1664 788 Caesar
1696 748 1880 800 Aiiqitslics
1911 748 2089 799 pontifea)
2117 748 2310 786 mamimus

521 820 694 859 tribnnic.
712 825 883 870 potestat.
906 830 1024 855 XVIIII
1045 829 1093 856 ea:
1114 820 1215 869 stipe,
1234 830 1345 869 qnam
1361 816 1524 868 populus
1545 820 1580 856 ei
1593 817 1746 856 contulit
1765 817 1799 855 lc.
1819 816 1977 856 Ianuar.
1996 818 2140 867 apsenti
2156 814 2195 854 C.
2217 814 2310 854 Cal-

519 891 609 927 visio
630 887 770 927 Sabino
800 887 837 927 L.
860 887 1031 926 Passieno
1061 885 1164 937 Rufo
1195 898 1265 925 cos.
1298 885 1354 936 (u.
1377 898 1408 924 c.
1433 884 1542 936 750).
1593 885 1764 924 Eandem
1786 884 1908 924 basim
1932 884 2085 924 stetisse
2107 883 2178 923 sul]
2200 882 2309 934 signo

519 957 645 1007 aliquo
676 956 715 994 in
746 956 837 995 aede
869 955 1009 994 Larum
1042 954 1214 993 dedicato
1245 953 1467 994 existimant
1488 954 1679 993 Prellerus
1712 956 1805 1005 (reg.
1828 967 1864 1005 p.
1888 952 1936 992 81
1971 955 2067 1002 not.)
2100 958 2139 992 et
2158 951 2203 991 ad
2224 952 2263 991 h.
2284 951 2309 989 l.

519 1024 721 1076 Zumptius
753 1025 888 1063 collato
926 1024 1009 1062 loco
1049 1023 1283 1063 Suetoniano
1320 1023 1415 1074 Aug.
1446 1024 1518 1062 57:
1561 1035 1684 1062 omnes
1716 1023 1863 1062 ordines
1893 1023 1928 1062 lc.
1959 1021 2044 1061 Ian.
2076 1028 2242 1061 strenam
2270 1022 2311 1060 in

521 1093 701 1145 Capitolio
733 1096 842 1134 etiam
872 1093 1016 1132 absenti
1043 1092 1337 1143 (contulerunt),
1369 1104 1418 1131 em
1448 1105 1520 1144 qna
1548 1104 1696 1131 summa
1724 1093 1991 1143 pretiosissima
2013 1091 2169 1130 deornm
2188 1092 2309 1129 simn-

516 1162 622 1201 lacra
642 1169 827 1201 mercatus
855 1164 1005 1201 vicatim
1037 1161 1239 1208 dedicabat,
1270 1168 1311 1200 nt
1332 1160 1539 1212 Apollinem
1560 1160 1848 1199 Sandaliarium
1871 1159 2063 1212 Iovemque
2090 1159 2309 1210 tragoedum

516 1231 675 1282 aliaque.
727 1230 819 1269 Mihi
848 1237 987 1270 neutra
1019 1230 1146 1283 opinio
1178 1242 1266 1269 vera
1297 1229 1458 1277 videtur,
1490 1241 1724 1281 quamquam
1751 1241 1830 1268 non
1852 1241 1950 1280 nego
1971 1234 2074 1267 recte
2094 1227 2307 1266 Prellerum

516 1299 818 1351 Zumptiumque
846 1299 969 1339 basim
990 1300 1090 1339 hanc
1110 1299 1304 1338 rettulisse
1326 1298 1371 1338 ad
1395 1304 1611 1338 statuarum
1633 1309 1766 1336 earum
1788 1297 1967 1348 aliquam,
2000 1296 2045 1335 de
2067 1296 2208 1347 quihus
2229 1296 2253 1334 l.
2275 1309 2307 1335 6.

518 1368 729 1408 Suetonius
761 1369 864 1408 dicit.
923 1368 1020 1408 Nam
1055 1368 1086 1407 si
1118 1367 1209 1419 quid
1239 1368 1361 1415 video,
1395 1367 1545 1406 vicatim
1577 1366 1750 1406 dedicare
1782 1379 1860 1405 11011
1891 1372 1949 1405 651
1978 1365 2054 1404 11151
2085 1377 2308 1405 consecrare

514 1436 676 1476 Laribus
707 1437 883 1489 publicis,
916 1449 1005 1476 cum
1037 1437 1108 1476 vici
1138 1437 1283 1476 fuerint
1304 1437 1343 1475 in
1366 1437 1483 1475 tutela
1505 1436 1661 1475 Larum.
1723 1435 1935 1474 Confirmat
1955 1435 1992 1473 id
2016 1435 2150 1474 titulus
2172 1434 2307 1473 similis

515 1518 547 1545 a.
572 1507 650 1545 745
673 1507 822 1558 positus
845 1506 1041 1545 dedicatus
1057 1505 1224 1544 Volcano
1249 1506 1306 1556 (C.
1328 1505 1356 1544 Ι.
1380 1505 1419 1544 L.
1443 1505 1503 1552 VI,
1535 1506 1656 1554 457),
1686 1516 1774 1543 nam
1798 1516 1887 1543 cum
1910 1504 2112 1555 magistros
2134 1503 2306 1542 vicorum

514 1574 734 1625 Larumque
755 1574 952 1625 Augustus
975 1574 1073 1613 circa
1095 1587 1126 1613 a.
1151 1575 1230 1612 747
1252 1573 1466 1613 instituerit
1487 1574 1537 1625 (v.
1562 1574 1600 1612 C.
1618 1574 1645 1612 Ι.
1669 1573 1710 1611 L.
1733 1573 1792 1619 VI,
1815 1574 1911 1617 454)
1933 1572 2062 1624 itaque
2083 1585 2161 1611 non
2183 1573 2306 1611 offen-

515 1644 590 1691 dat,
622 1644 726 1695 quod
755 1643 795 1682 in
826 1643 907 1682 basi
938 1656 970 1682 a.
994 1644 1073 1681 745
1105 1643 1220 1682 Lares
1251 1643 1394 1694 publici
1424 1656 1503 1682 non
1534 1643 1795 1689 nominantur,
1826 1642 2077 1681 inveniuntur
2106 1647 2235 1680 autem
2265 1641 2304 1680 in

513 1713 629 1752 altera
650 1725 682 1751 a.
707 1713 798 1758 750,
831 1712 945 1751 etiam
968 1712 1126 1751 Vulcani
1157 1712 1284 1750 cultus
1312 1718 1356 1750 ut
1385 1711 1559 1750 omnium
1587 1711 1795 1750 numinum
1817 1724 1914 1761 quae
1935 1716 2110 1749 arcerent
2129 1710 2305 1749 incendia

513 1794 629 1833 quam
662 1781 827 1820 maxime
858 1780 904 1819 ad
926 1780 1028 1819 vicos
1051 1780 1240 1832 pertinuit
1261 1780 1394 1832 (Orell.
1421 1780 1525 1820 1385
1545 1781 1632 1831 sq).
1678 1780 1803 1827 Quare
1825 1792 1950 1831 neque
1972 1779 2129 1819 Vulcani
2149 1779 2302 1830 signum

511 1851 605 1890 haec
636 1849 736 1889 basis
766 1862 892 1900 neque
914 1849 1055 1888 Larum
1086 1849 1148 1888 illa
1179 1849 1366 1889 sustinuit
1396 1862 1521 1901 neque
1551 1849 1644 1888 adeo
1676 1855 1868 1888 steterunt
1898 1849 1938 1887 in
1967 1848 2124 1888 aedibus
2145 1847 2304 1888 Vulcani

511 1919 712 1966 Larumve,
745 1918 811 1957 sed
842 1918 889 1957 ad
920 1918 1087 1969 compita
1117 1918 1291 1957 vicorum
1322 1918 1452 1957 nescio
1484 1930 1649 1969 quorun]
1682 1917 1788 1968 signa
1819 1917 1986 1969 pretiosa
2013 1917 2104 1957 olim
2126 1917 2302 1957 sustinu-

510 1994 636 2027 erunt.
697 1987 873 2034 Quonam
912 1993 1041 2026 autem
1080 1993 1253 2039 tempore
1289 1987 1420 2026 aedem
1453 1986 1594 2025 Larum
1625 1986 1824 2037 Augustus
1859 1986 2053 2033 refecerit,
2091 1986 2302 2038 ignoratur,

509 2069 580 2096 nec
602 2055 722 2107 magis
742 2061 885 2094 retecta
905 2055 994 2095 licet
1015 2068 1169 2094 summa
1191 2067 1296 2095 sacra
1317 2055 1376 2095 via
1396 2055 1535 2094 rudera
1558 2055 1631 2094 ulla
1651 2055 1733 2094 eius
1755 2055 1880 2094 adhuc
1900 2055 2055 2106 agnosci
2077 2061 2301 2107 potuerunt.

642 2125 756 2164 Aedes
786 2125 895 2164 deum
922 2123 1118 2163 Penatium
1147 2126 1187 2163 in
1215 2124 1331 2164 Velia.
1382 2124 1436 2163 Cf.
1460 2124 1606 2163 Becker
1635 2137 1671 2176 p.
1694 2124 1787 2163 246.
1838 2124 1932 2163 Eam
1953 2125 2172 2175 Augustum
2202 2126 2303 2163 refe-

510 2194 607 2233 cisse
645 2193 736 2232 hinc
773 2199 924 2232 tantum
963 2192 1236 2245 comperimus.
1298 2192 1501 2245 Dionysius
1538 2199 1666 2232 autem
1709 2206 1825 2244 quam
1864 2193 1937 2232 sibi
1971 2194 2090 2232 visam
2122 2192 2305 2232 describit

508 2263 640 2301 aedem
673 2261 788 2300 deum
820 2261 1025 2301 Penatium
1059 2263 1094 2309 1,
1128 2261 1192 2309 68,
1225 2267 1335 2302 vetus
1366 2261 1451 2309 fuit,
1483 2275 1561 2301 non
1592 2262 1639 2301 ab
1670 2262 1844 2313 Augusto
1874 2262 2100 2301 instaurata.

642 2330 754 2370 Aedes
790 2329 1004 2370 Iuventatis.
1065 2330 1121 2369 Cf.
1145 2330 1290 2370 Becker
1328 2344 1365 2382 p.
1388 2330 1481 2369 473.
1541 2330 1624 2369 Una
1662 2336 1812 2370 tantum
1852 2330 1923 2370 fuit
1954 2330 2036 2370 eius
2068 2331 2159 2370 deae
2189 2329 2302 2370 aedes

510 2400 655 2439 Romae
697 2399 737 2438 in
775 2400 876 2438 circo
916 2399 1084 2438 maximo
1125 2400 1295 2439 dedicata
1327 2400 1461 2439 eodem
1498 2411 1619 2446 anno,
1658 2413 1733 2450 quo
1765 2399 1896 2438 Matris
1927 2411 2087 2450 magnae
2117 2398 2301 2450 Palatina,

511 2483 548 2508 u.
572 2482 603 2508 c.
627 2467 706 2508 563
741 2467 838 2519 (Liv.
862 2466 927 2515 36,
959 2468 1051 2519 36);
1088 2481 1179 2507 nam
1217 2469 1257 2507 in
1295 2481 1455 2508 censum
1493 2481 1572 2507 non
1604 2468 1709 2507 venit
1739 2469 1908 2508 aedicula
1939 2467 2166 2515 Iuventatis,
2204 2480 2302 2519 quae

509 2544 592 2576 erat
620 2537 660 2575 in
692 2535 878 2587 Capitolio
908 2535 948 2574 in
980 2536 1139 2575 delubro
1170 2537 1360 2576 Minervae
1385 2536 1545 2587 (Becker
1575 2551 1611 2589 p.
1635 2536 1729 2584 397,
1760 2537 1826 2576 ubi
1856 2537 1951 2576 adde
1972 2536 2125 2588 Dionys.
2147 2537 2184 2583 4,
2219 2535 2300 2588 15).

507 2606 612 2645 Mero
644 2617 774 2644 errore
806 2617 851 2643 ex
882 2604 955 2643 hoc
985 2605 1255 2644 commentarii
1274 2605 1467 2658 Ancyrani
1497 2606 1580 2645 loco
1610 2607 1737 2646 effecit
1759 2605 1974 2658 Zumptius,
2006 2617 2122 2657 quem
2144 2610 2300 2644 secutus

507 2681 565 2714 est
594 2674 786 2713 Prellerus
817 2673 938 2724 myth.
960 2672 1071 2712 Rom.
1094 2686 1130 2725 p.
1155 2673 1235 2713 234
1256 2692 1311 2707 =
1335 2675 1369 2721 1,
1402 2673 1495 2721 262,
1528 2687 1612 2713 eam
1643 2687 1759 2725 quam
1780 2674 1914 2714 fecerit
1933 2675 2130 2725 Augustus
2159 2673 2300 2713 Iuven-

507 2743 595 2782 tatis
639 2743 772 2782 aedem
813 2742 932 2781 fuisse
971 2741 1010 2780 in
1049 2742 1205 2782 Palatio.
1273 2742 1356 2793 Igni
1397 2749 1627 2795 consumpta
1667 2749 1726 2782 651
1762 2743 1873 2783 aedes
1910 2742 2118 2782 Iuventatis
2156 2755 2189 2781 a.
2218 2739 2298 2780 738

506 2812 691 2863 postridie
723 2812 804 2851 eius
836 2811 922 2858 diei,
954 2824 1029 2862 quo
1050 2812 1247 2862 Augustus
1270 2811 1524 2863 Tiberiusque
1552 2824 1597 2851 ex
1619 2812 1714 2851 urbe
1735 2812 1913 2852 abierunt
1937 2811 2020 2861 (Dio
2043 2812 2107 2859 54,
2132 2810 2221 2862 19),
2252 2810 2297 2850 de

506 2881 751 2920 restitutione
781 2881 863 2920 eius
894 2886 1089 2931 praeterea
1120 2881 1215 2919 nihil
1246 2880 1429 2920 traditum
1463 2880 1693 2932 accepimus.

639 2951 754 2989 Aedes
784 2949 919 2989 Matris
946 2949 1102 3001 Maynae
1132 2952 1172 2988 in
1194 2950 1351 2990 Palatio.
1403 2950 1458 2989 Cf.
1481 2949 1625 2988 Becker
1655 2963 1691 3001 p.
1716 2949 1808 2988 421.
1850 2949 2032 2988 Incendio
2064 2953 2295 3000 consumpta

506 3031 538 3056 a.
563 3019 642 3058 756
674 3019 770 3071 (Val.
793 3019 889 3058 Max.
917 3019 950 3066 1,
985 3018 1021 3066 8,
1047 3020 1116 3067 113
1147 3020 1194 3058 cf.
1217 3018 1286 3058 Dio
1310 3019 1375 3066 55,
1409 3018 1459 3058 12
1482 3024 1520 3058 61
1543 3019 1701 3059 Sueton.
1723 3019 1818 3070 Aug.
1842 3018 1912 3069 37)
1944 3015 2031 3057 111011
2053 3017 2099 3057 ab
2121 3018 2294 3068 Augusto

505 3088 647 3127 refecta
678 3093 747 3128 est.
