2227 3452
937 156 999 200 VI,
1031 157 1165 192 13—23
1863 165 1943 204 147

155 275 341 327 dantque,
384 281 422 315 et
459 289 612 328 semper
652 282 903 328 opponuntur
933 276 1130 316 decretum
1162 290 1315 323 eorum,
1356 279 1456 328 apud
1488 292 1585 329 (11105
1617 292 1746 319 rerum
1778 287 1947 332 potestas

154 349 224 391 est,
256 349 294 382 et
324 356 537 383 consensus
568 357 715 391 eorum,
747 357 913 396 quorum
946 345 1006 383 ius
1037 346 1255 385 continetur
1284 346 1324 384 in
1354 346 1571 397 plaudendo
1602 354 1667 386 aut
1696 350 1888 399 querendo
1902 350 1946 401 1).

153 412 378 452 Reddidisse
399 413 619 464 Augustum
650 426 732 452 rem
764 413 956 465 publicam
989 426 1065 452 non
1095 426 1173 453 uno
1195 420 1294 461 actu,
1328 414 1393 453 sed
1416 414 1600 454 continuo
1621 415 1776 455 biennio
1798 430 1830 455 a.
1854 417 1946 457 726.

155 481 234 521 727
265 487 417 533 praeter
446 482 573 534 ipsum
607 482 719 521 etiam
743 481 812 520 Dio
845 482 1044 532 significat,
1075 494 1199 533 neque
1227 482 1337 521 aliter
1357 482 1441 521 fieri
1462 483 1604 534 potuit:
1636 485 1821 523 reddendi
1843 485 1945 524 enim

153 556 262 589 erant
308 551 451 602 populo
489 551 678 590 exercitus
715 550 933 602 provinciae
970 550 1216 601 magistratus
1252 549 1478 601 reditusque
1518 549 1592 601 (τὰ
1629 547 1746 591 ὅπλα
1784 552 1857 591 καὶ
1897 553 1952 592 τὰ

154 617 262 672 ἔθνη
292 618 367 657 καὶ
399 616 445 657 αἱ
478 615 605 670 ἀρχαὶ
637 618 709 657 καὶ
739 618 792 657 τὰ
821 615 1019 671 χρήματα
1049 618 1117 657 Dio
1150 618 1214 665 52,
1249 618 1313 657 13.
1336 619 1383 657 cf.
1408 618 1477 662 53,
1501 618 1538 657 4.
1563 619 1599 658 9.
1625 621 1718 669 10.).
1778 620 1951 659 Pertinet

153 687 197 725 ad
238 699 318 726 rem
358 687 551 738 publicam
591 687 799 733 redditam,
839 687 942 737 quod
983 687 1028 725 de
1066 688 1269 726 consulatu
1309 699 1340 725 a.
1365 686 1544 738 7263D10
1576 688 1770 728 adnotavit
1802 689 1882 737 (53,
1909 690 1948 740 1)

153 755 353 794 Caesarem
394 755 607 794 secundum
649 754 970 794 consuetudinem
1002 755 1198 806 antiquam
1238 755 1396 794 alternis
1434 756 1635 795 mensibus
1672 759 1793 796 fasces
1831 757 1951 796 tradi—

155 823 256 862 disse
287 824 451 874 collegae
481 823 670 875 Agrippae
701 829 739 862 et
767 823 973 862 abeuntem
1014 823 1283 874 magistratum
1324 823 1543 863 eiuravisse.
1604 825 1778 864 Pertinet
1813 826 1948 864 eodem

152 891 193 930 ni
228 892 339 931 fallor
377 905 536 931 censura
576 898 663 944 post
700 904 820 931 annos
859 891 1110 943 quadraginta
1146 892 1242 931 dnos
1274 898 1356 931 tum
1389 893 1628 932 resuscitata.
1687 894 1755 932 Vel
1785 893 1950 932 maxime

154 973 198 999 eo
238 960 406 1012 pertinet
444 973 578 999 eorum
620 973 716 1012 quae
753 973 822 1011 per
859 960 954 999 bella
988 961 1109 999 civilia
1140 967 1272 1000 contra
1303 961 1363 1000 ius
1393 962 1571 1013 legesque
1603 963 1810 1001 constituta
1843 968 1952 1001 erant

156 1029 312 1068 abolitio
344 1029 478 1076 edicta,
511 1042 587 1080 quo
621 1029 810 1068 terminus
842 1029 946 1068 hisce
978 1029 1212 1068 constitutus
1244 1035 1302 1068 est
1331 1030 1413 1081 ipse
1435 1044 1560 1069 annus
1583 1030 1950 1083 septingentesimus

152 1097 358 1136 vicesimus
390 1103 521 1136 sextus
553 1097 724 1148 (Tacitus
756 1110 845 1136 ann.
878 1098 914 1144 3,
947 1097 1017 1137 23:
1049 1105 1152 1137 sexto
1185 1099 1331 1138 demum
1363 1100 1557 1138 consulatu
1593 1099 1733 1139 Caesar
1767 1101 1951 1151 Anyustus

148 1169 333 1217 potentiae
372 1179 525 1205 securus
564 1179 656 1218 qnae
693 1168 937 1205 triunwiratti
973 1169 1131 1205 iusserat
1163 1168 1319 1206 abolevit
1349 1168 1516 1219 deditque
1546 1171 1650 1215 iura,
1694 1171 1773 1220 quis
1801 1182 1890 1220 pace
1918 1176 1951 1208 cc

148 1236 318 1285 principe
348 1241 552 1273 uteremur.
614 1234 681 1272 Dio
704 1234 768 1281 53,
792 1233 835 1271 2:
874 1233 1028 1287 ἐπειδὴ
1061 1232 1206 1275 πολλὰ
1250 1233 1365 1275 πάνυ
1402 1266 1411 1274 .
1434 1267 1443 1275 .
1468 1266 1476 1275 .
1501 1266 1510 1275 .
1547 1237 1618 1275 καὶ
1667 1235 1839 1290 ἀνόμως
1877 1237 1950 1277 καὶ

153 1299 315 1348 ἀδίκως
352 1300 566 1352 ἐτετάχει,
615 1300 758 1341 πάντα
797 1299 907 1341 affut
950 1301 1016 1342 δι’
1055 1302 1148 1350 ἑνὸς
1190 1300 1529 1357 προγράμματος
1565 1305 1816 1355 κατέλυσεν,
1850 1302 1951 1359 ὅρον

153 1369 228 1423 τὴν
265 1372 387 1423 ἕκτην
428 1368 558 1411 αὑτοῦ
589 1368 805 1410 ΰπαῑείαν
836 1372 1066 1423 προσθείς.
1128 1372 1182 1411 Cf.
1213 1373 1443 1412 Slaalsrccht
1474 1373 1516 1414 2.
1547 1374 1625 1413 723
1658 1381 1736 1414 not.
1761 1376 1815 1423 4).
1877 1375 1951 1414 Sed

151 1440 264 1490 longe
295 1439 562 1490 gravissimum
597 1439 887 1489 maximumque
918 1446 999 1478 crat
1030 1442 1227 1491 negotium
1253 1441 1536 1492 provinciarum
1561 1443 1735 1481 omnium
1760 1456 1848 1483 cum
1872 1443 1951 1482 suis

153 1508 384 1547 exercitibus
417 1508 568 1547 senatui
599 1508 946 1551 restituendarum,
989 1510 1099 1548 cuius
1131 1509 1387 1548 restitutionis
1419 1510 1465 1549 de
1495 1510 1583 1549 Asia
1615 1512 1809 1562 provincia
1843 1512 1951 1551 testis

153 1583 212 1616 051
249 1589 435 1616 nummus
473 1590 588 1629 supra
627 1577 765 1616 citatus
802 1577 841 1615 in
880 1577 962 1628 ipsa
992 1578 1079 1616 Asia
1119 1591 1236 1617 cusus
1274 1591 1361 1617 cum
1399 1578 1587 1630 inscripto
1625 1592 1725 1618 1111110
1757 1580 1849 1619 726.
1910 1581 1950 1619 111

154 1648 281 1698 ipsum
319 1646 525 1685 enuntiant
562 1646 675 1685 verba
713 1652 865 1697 poetae,
906 1659 1070 1696 quorum
1114 1654 1201 1698 post
1232 1647 1454 1685 Merkelium
1496 1648 1605 1699 (prol.
1638 1649 1683 1687 ad
1717 1651 1801 1687 t'ast.
1825 1662 1861 1700 p.
1886 1651 1949 1697 Lx)

155 1715 252 1754 male
292 1721 568 1767 temptatorum
600 1715 654 1762 (C.
677 1714 705 1753 I.
730 1714 769 1752 L.
794 1715 806 1752 Ι
829 1728 864 1766 p.
891 1714 987 1758 1354>
1021 1715 1132 1753 hodic
1175 1728 1236 1753 me
1278 1715 1464 1766 paenitet,
1511 1716 1571 1754 die
1609 1717 1687 1755 11111.
1722 1718 1768 1755 13
1808 1717 1953 1755 50111001

154 1783 245 1823 anni
277 1783 355 1822 727
388 1784 529 1836 populo
561 1796 716 1822 omnem
752 1784 985 1834 provinciam
1017 1784 1205 1822 redditam
1229 1797 1324 1831 esse,
1356 1785 1468 1836 plane
1491 1792 1534 1823 ut
1556 1785 1623 1823 Dio
1647 1785 1711 1826 53.
1735 1786 1758 1824 9
1789 1785 1952 1836 loquen-

155 1859 231 1891 tem
264 1852 412 1891 inducit
442 1853 641 1891 Caesarem
675 1865 706 1890 a.
732 1852 834 1890 727:
875 1849 1130 1904 ἆποδίδωμι
1172 1849 1275 1905 ὑμῖν
1305 1854 1377 1891 καὶ
1410 1852 1463 1891 τὰ
1493 1850 1609 1892 ὅπλα
1640 1853 1712 1892 καὶ
1746 1853 1796 1892 τὰ
1827 1852 1951 1907 ἔθνη.

156 1921 309 1960 Scilicet
342 1921 472 1960 Asiam
516 1920 751 1972 proxinciam
795 1933 883 1959 cum
926 1921 1156 1960 reddidisset
1192 1934 1223 1960 a.
1254 1921 1353 1968 726,
1402 1921 1618 1960 universam
1665 1922 1951 1961 restitutionem

154 1990 314 2041 perfecit
351 1990 411 2029 die
442 1990 621 2029 indicato.
671 1992 777 2035 Quae
808 1989 937 2028 omnia
969 2002 1047 2028 11011
1087 1996 1238 2028 tantum
1270 1996 1403 2041 coepta
1434 1996 1472 2029 et
1502 1990 1649 2037 oblata,
1689 1990 1754 2029 sed
1786 1992 1953 2041 perfecta

154 2071 238 2097 esse
269 2059 520 2110 depositoque
552 2058 851 2097 extraordinario
883 2058 936 2096 rci
969 2058 1142 2109 publicae
1181 2058 1471 2097 constituendae
1509 2059 1668 2098 arbitrio
1700 2058 1880 2110 deinceps
1912 2071 1952 2097 se

155 2127 256 2166 solos
295 2127 543 2178 magistratus
584 2128 667 2166 iure
707 2127 908 2165 communi
946 2127 1017 2165 sibi
1059 2127 1204 2166 delatos
1243 2127 1459 2166 obtinuisse
1491 2127 1572 2179 ipse
1604 2127 1781 2166 sollemni
1814 2128 1884 2166 hac
1915 2134 1953 2166 01

155 2203 332 2247 postuma
367 2197 568 2235 testatione
601 2202 783 2235 testatum
816 2208 899 2234 esse
930 2196 1061 2242 voluit,
1094 2195 1259 2234 maxime
1282 2196 1348 2234 ubi
1369 2196 1421 2235 ait
1442 2202 1528 2247 post
1549 2209 1580 2234 a.
1606 2195 1684 2234 727
1708 2195 1891 2246 dignitate
1913 2208 1952 2234 se

155 2264 307 2316 quidem
333 2265 513 2303 omnibus
534 2265 786 2317 praestitisse,
811 2264 1014 2315 potestatis
1037 2271 1163 2303 autem
1188 2264 1283 2302 1111111
1304 2264 1469 2316 amplius
1492 2264 1673 2303 habuisse
1696 2277 1809 2315 quam
1834 2264 1952 2302 habe-

154 2338 243 2371 rent
277 2332 315 2371 in
345 2346 589 2384 *unoquoque
621 2333 850 2383 magistratu
882 2333 1057 2383 collegae.
1119 2332 1195 2371 Nec
1226 2336 1440 2383 refragatur
1472 2346 1601 2372 rerum
1635 2333 1820 2371 memoria
1852 2345 1952 2371 vera.

154 2401 250 2440 Nam
280 2414 368 2440 cum
402 2402 446 2440 ad
479 2415 510 2440 a.
534 2415 655 2453 usque
679 2401 758 2440 727
792 2401 1005 2452 provincias
1028 2402 1158 2453 populi
1181 2402 1344 2441 Romani
1368 2402 1601 2441 obtinuisset
1621 2408 1659 2441 et
1681 2415 1814 2441 omnes
1837 2401 1953 2441 simul

289 2524 315 2563 ¹)
342 2523 388 2555 lta
421 2524 453 2555 in
486 2534 614 2554 nummo
640 2522 782 2564 (Eckliel
800 2524 837 2562 6,
859 2523 935 2564 126)
953 2527 1096 2554 statuam
1121 2529 1396 2565 repraesentante
1422 2525 1574 2563 Augusto
1600 2527 1676 2565 post
1701 2528 1838 2554 mortem
1865 2523 1955 2564 posi-

155 2585 221 2612 tam
239 2591 311 2612 cum
329 2580 491 2612 scribitur
509 2590 670 2612 consensu
687 2580 852 2621 sonuistis)
870 2582 901 2611 ct
917 2582 1104 2621 cqtacstris)
1124 2579 1280 2622 ordinis)
1295 2580 1527 2624 p(0pztli)q(uc)
1545 2579 1728 2619 Montani),
1746 2579 1955 2620 significatur

157 2648 226 2669 cam
253 2637 395 2680 positam
420 2647 493 2669 esse
519 2648 581 2668 non
608 2642 745 2669 senatus
780 2637 931 2668 consulto
966 2647 1070 2678 neque
1094 2637 1179 2678 lege,
1206 2638 1263 2669 sed
1289 2638 1329 2669 ab
1357 2638 1508 2669 omnibus
1536 2637 1710 2669 ordinibus
1735 2647 1812 2668 acre
1838 2641 1954 2678 sponte

157 2695 293 2726 collato.
342 2694 508 2726 Similiter
539 2695 769 2736 explicandum
804 2694 888 2736 quod
922 2694 1049 2733 legitur
1080 2694 1113 2724 in
1147 2695 1287 2726 nummis
1319 2695 1455 2726 vitellii
1489 2700 1521 2726 et
1547 2694 1745 2736 Vespasiani
1777 2704 1956 2725 consensus

157 2753 372 2783 eoecrcitumn
403 2751 525 2792 (Cohen
557 2751 628 2783 vit.
649 2751 708 2792 23,
728 2752 826 2793 Vesp.
846 2751 902 2791 77)
927 2755 960 2782 et
987 2750 1018 2781 in
1048 2761 1173 2783 nummo
1199 2751 1335 2783 Vitellii
1359 2762 1538 2783 consensus
1565 2751 1803 2793 Hispaniarum
1830 2750 1954 2791 (Cohen

156 2808 228 2840 vit.
248 2808 322 2848 29),
354 2808 435 2840 item
467 2808 571 2840 verba
596 2808 701 2849 elogii
725 2808 878 2840 Murdiae
905 2806 953 2847 (C.
976 2806 1029 2849 x'l,
1059 2808 1194 2850 1023o):
1221 2811 1259 2839 ut
1277 2833 1284 2840 .
1303 2833 1310 2840 .
1329 2833 1336 2839 .
1353 2811 1430 2851 post
1454 2809 1623 2841 decessum
1649 2818 1810 2839 consensu
1835 2809 1954 2839 civium

157 2865 352 2898 laudaretur
377 2869 410 2896 ct
434 2865 575 2896 maxime
599 2865 728 2897 decreti
754 2864 951 2896 Pisanorum
970 2864 1090 2904 (Oi-etl.
1109 2865 1205 2907 623):
1230 2864 1361 2908 placere
1377 2868 1572 2909 conscriptis
1589 2877 1670 2908 quac
1685 2877 1716 2898 α.
1735 2865 1766 2897 d.
1784 2865 1840 2897 III
1852 2876 1957 2897 nonas

155 2922 294 2965 Apriles
319 2922 396 2964 (quo
422 2923 475 2954 die
502 2933 573 2954 cum
599 2922 817 2962 magistratus
844 2932 905 2952 non
934 2926 1047 2953 essent
1065 2921 1233 2954 decretum
1251 2923 1325 2955 fieri
1344 2934 1408 2954 non
1427 2924 1549 2966 potuit)
1569 2948 1578 2955 .
1595 2947 1602 2954 .
1622 2948 1629 2954 .
1649 2948 1655 2954 .
1674 2924 1769 2963 facta
1786 2925 1862 2954 acta
1879 2932 1955 2954 con-

158 2981 281 3012 stituta
305 2982 385 3011 sunt
407 2989 467 3022 per
491 2989 685 3011 consensum
717 2979 869 3010 omnium
894 2978 1062 3021 ordinum,
1087 2990 1127 3011 ca
1151 2981 1264 3011 omnia
1287 2982 1336 3011 ita
1356 2981 1449 3022 ficri.
1500 2980 1535 3012 In
1560 2980 1673 3012 titulis
1699 2979 1956 3020 municipalibus

158 3046 317 3079 persaepe
343 3036 522 3079 opponitur
548 3036 684 3068 decreto
711 3036 926 3067 decurionum
952 3047 1144 3077 consensus,
1170 3036 1340 3078 voluntas,
1367 3037 1551 3079 postulatio
1571 3042 1634 3069 cet.
1653 3036 1765 3079 populi
1785 3036 1956 3078 plebisve:

159 3093 308 3135 exempla
334 3094 491 3136 quaedam
519 3093 688 3136 composui
715 3092 749 3125 C.
776 3093 797 3125 I.
816 3092 853 3125 L.
873 3093 939 3125 vol.
959 3093 991 3125 X
1007 3104 1039 3136 11.
1061 3095 1155 3127 1157.

1680 3148 1746 3184 1οᾏ
