2269 3409
211 177 244 211 X

211 309 286 335 non
317 299 441 345 potest
465 292 514 331 ibi
537 297 669 342 utpote
692 291 729 328 in
752 289 898 328 colonia
920 287 1059 325 civium
1082 286 1344 324 Romanorum
1368 281 1617 332 archetypum
1640 290 1793 330 quoque
1816 276 1996 316 Latinum

212 364 299 402 olim
334 360 559 412 prostitisse.
611 360 714 405 Quae
738 355 979 396 monumenti
1009 353 1170 404 insignis
1192 352 1341 404 publiea
1364 348 1574 401 propositio
1595 346 1881 398 quodammodo
1903 357 1998 383 con-

213 431 338 468 iuncta
370 434 428 466 est
459 440 545 465 eum
579 438 711 465 eorum
745 424 971 475 oppidorum
1005 423 1275 461 Caesaroorum
1310 419 1387 457 sive
1409 418 1693 467 Augusteorum
1723 414 1997 459 aedificatione,

212 499 256 536 de
288 497 427 548 ‹plilius
451 494 642 533 Caesareis
675 494 711 531 in
746 493 967 533 universum
1002 490 1187 527 videndus
1212 494 1268 526 est
1291 485 1474 525 Marinius
1498 484 1600 529 (Arv.
1619 496 1655 534 p.
1674 482 1753 522 383
1773 482 1860 533 sq.).
1902 481 1997 519 Nam

211 573 414 617 postquam
447 577 478 601 a.
499 563 576 600 725
600 562 794 611 Augustus
828 559 986 597 indulsit
1006 557 1168 596 Asianis,
1203 563 1243 594 ut
1274 555 1343 593 sibi
1377 561 1413 592 et
1446 552 1531 591 urbi
1552 551 1696 589 Romae
1728 550 1859 589 aedem
1892 549 2001 588 dedi-

212 640 343 672 carent
383 631 574 681 Pergami,
613 636 649 668 et
688 628 878 679 Bithynis.
919 632 962 664 'ut
992 624 1234 663 Nicomediae
1268 623 1350 670 (Dio
1384 623 1448 666 51,
1482 620 1554 666 203
1584 619 1702 657 Tacit.
1725 630 1815 656 ann.
1848 619 1883 664 4,
1917 617 1999 665 37),

212 701 358 751 Λιιομιι
397 711 549 749 quoqne
583 696 747 735 Gtzilltiae
788 693 1008 745 monopolis
1046 705 1159 731 suum
1193 691 1262 729 sibi
1292 691 1383 729 fecit
1413 691 1696 740 Eep'aorftom
1736 699 1812 737 quo
1844 685 2002 724 nomine

212 768 422 820 appellunt
454 767 489 804 in
525 766 632 804 titulo
660 764 809 815 ipsius(
802 763 904 801 aedis
926 768 1035 800 ιιιιιῖιο
1056 759 1262 810 inscripto:
1307 754 1419 797 ὅπου
1454 755 1497 796 ιὸ
1520 752 1767 807 Σεβαστῆόν
1789 753 1908 793 ἐστιν
1929 752 2002 792 καὶ

216 834 236 889 ᾗ
277 849 513 888 'sammon'
555 848 593 882 ῑι
583 834 657 871 ιίιι
654 847 737 870 ται
779 830 848 869 καὶ
891 825 911 869 ὁ
953 827 1232 880 ἷππόδροιιος
1244 827 1287 876 ¹.)
1348 826 1489 863 Aedem
1522 824 1641 862 fuisse
1672 822 1883 861 dedicatam
1917 821 2002 860 divo

214 907 385 953 Augusto
427 910 463 941 et
495 902 577 940 inlJi
610 901 751 938 Ronnw
783 899 908 937 deelwn
911 904 949 936 at
981 897 1113 935 titulus
1147 896 1260 934 modo
1291 895 1429 933 citatus
1461 893 1516 931 sie
1546 891 1757 943 incipiens:
1802 889 2005 929 Γαλατῶν

215 987 236 1011 o
257 1002 263 1010 .
285 1003 290 1009 .
315 970 366 1019 (1))
400 965 711 1021 [tqqcmcqusvov
744 968 833 1017 θεῷ
856 966 1060 1017 Σιβασιῷ
1092 963 1162 1002 καὶ.
1195 959 1450 1013 ι’)εᾷῬώμῃ,
1484 960 1625 1011 quibus
1657 958 1783 997 verbis
1815 958 2005 997 subicitur

214 1040 391 1078 ludorum
431 1037 635 1075 laterculus
674 1036 718 1073 ad
758 1035 888 1073 aedem
928 1045 1009 1071 eam
1050 1031 1164 1071 certis
1202 1030 1431 1075 intervallis,
1477 1031 1640 1067 sortasse
1680 1027 1814 1078 quinto
1851 1039 2006 1078 quoque

215 1120 315 1146 anno
356 1106 557 1144 editorum.
596 1127 649 1131 —
689 1103 830 1141 Similis
868 1101 1026 1139 omnino
1067 1100 1139 1139 fuit
1176 1100 1286 1138 aedes
1325 1099 1461 1144 altera,
1499 1109 1615 1148 quam
1647 1097 1720 1134 hoc
1749 1095 1875 1134 indice
1911 1107 2006 1134 con-

216 1175 394 1225 scriptam
428 1173 543 1211 suisse
575 1177 736 1217 constat,
768 1169 1112 1221 Apolloniensium.
1162 1167 1258 1206 Nam
1289 1167 1428 1217 legitur
1458 1166 1511 1204 ihi
1543 1178 1658 1216 supra
1680 1164 1846 1203 indicem
1871 1164 2006 1203 titulus

216 1243 279 1293 qui
317 1242 490 1292 sequitur
523 1242 577 1288 tC.
601 1241 627 1278 1.
651 1240 713 1278 Gr.
738 1252 773 1277 ιι.
798 1238 923 1288 3971)
966 1250 1043 1275 non
1085 1237 1131 1275 ad
1171 1236 1336 1274 indicem
1378 1235 1596 1286 pertinens,
1635 1234 1700 1272 sed
1732 1233 1853 1285 ipsius
1888 1233 2005 1280 aedis,

216 1316 303 1361 post
340 1310 499 1347 aliorum
542 1307 789 1359 temptamina
821 1320 839 1345 a
871 1304 1167 1355 Waddingtonio
1200 1305 1356 1342 demum
1389 1304 1452 1355 (ad
1484 1303 1565 1354 syll.
1599 1301 1831 1341 Lebasianae
1862 1301 1933 1340 vol.
1956 1301 2007 1340 III

216 1391 253 1416 ιι.
281 1378 402 1427 1194)
434 1383 470 1415 et
501 1377 621 1428 perite
653 1375 869 1426 descriptus
900 1381 938 1413 et
968 1373 1061 1412 scite
1092 1373 1285 1424 expletus:

21 1454 127 1498 [Τοὺς
157 1455 296 1493 κοινοὺς
327 1457 496 1501 σωτῆρας]
514 1457 572 1488 καὶ
592 1455 702 1490 ἰδίους
718 1453 824 1490 θεοὺς
839 1450 1046 1494 Σεβαστοὺς
1061 1452 1119 1484 καὶ
1137 1450 1215 1488 τοὺς
1230 1450 1366 1487 παῖδας
1380 1446 1519 1491 αι’·τ[ῶν]
1540 1446 1847 1490 [Ἀπολλωνιατῶν
1862 1449 2013 1481 Λυκίων
2031 1446 2050 1481 ὁ
2069 1448 2195 1493 δῆμος]

21 1516 124 1557 [Γαίῳ
149 1518 299 1560 Καίσαρι
363 1513 583 1557 regularem]
646 1514 793 1557 Τιβερίῳ
818 1513 974 1553 Καίσαρι
1034 1510 1110 1552 θεῷ
1137 1509 1309 1552 Σεβαστῷ
1363 1507 1443 1550 [θεᾷ
1466 1509 1603 1549 Λιουίᾳ
1650 1502 1809 1551 Δρούσῳ
1855 1507 1999 1549 Λευκίῳ
2025 1508 2197 1553 Καίσαρι]

215 1586 345 1635 Itaque
376 1584 487 1622 aedes
508 1581 789 1634 Apolloniensis
820 1587 858 1619 et
888 1582 969 1632 ipsa
999 1579 1072 1619 fuit
1101 1592 1146 1617 ex
1179 1591 1316 1630 genere
1337 1579 1647 1629 Auguste0rum3
1677 1589 1802 1627 neque
1834 1576 2010 1615 absimile

217 1653 294 1691 veri
326 1653 457 1690 eodem
492 1658 677 1702 tempore.
710 1663 786 1701 qno
819 1650 1037 1688 Galatarum
1072 1660 1279 1687 commune
1310 1648 1348 1686 in
1381 1660 1447 1685 sua
1480 1645 1684 1697 metropoli
1705 1652 1748 1684 ut
1769 1644 2009 1696 Augusteum

217 1722 323 1759 tieret
353 1719 539 1766 decrevit,
573 1719 685 1758 etiam
718 1717 976 1769 Apolloniatas
1008 1717 1066 1755 vel
1103 1716 1134 1755 si
1167 1716 1287 1767 magis
1325 1716 1449 1767 placet
1478 1715 1626 1753 Pisidas
1660 1713 1801 1753 Galatis
1839 1713 1879 1752 in
1917 1725 2011 1765 pro-

220 1849 379 1891 φρυγίας
409 1843 428 1887 ἡ
458 1844 569 1878 πάλαι
604 1841 796 1888 ῘΙΙιὶργιονς
828 1845 947 1877 Strabo
983 1844 1032 1883 12,
1059 1843 1089 1883 8,
1118 1842 1157 1874 13
1184 1854 1212 1885 p.
1238 1843 1316 1885 576)
1355 1847 1387 1874 et
1422 1843 1543 1874 titulus
1575 1842 1621 1873 ibi
1653 1845 1807 1883 repertus
1839 1845 1892 1873 est
1923 1839 2010 1877 (C.I.

219 1904 276 1936 Gr.
295 1905 393 1942 3973)
421 1915 490 1935 cum
517 1914 600 1935 anno
626 1902 808 1944 adscripto,
833 1912 926 1943 quem
945 1900 1173 1941 &Vaddington
1199 1901 1281 1942 apud
1301 1899 1478 1931 Lebasium
1496 1898 1538 1931 Ill
1555 1910 1586 1931 n.
1609 1898 1692 1931 1192
1720 1897 1775 1938 (ef.
1795 1898 1834 1928 ad
1862 1909 1892 1929 n.
1914 1897 2012 1939 1195)

218 1961 438 2003 probabiliter
469 1961 510 1991 ad
535 1960 690 2001 epocham
722 1959 916 2000 provinciae
946 1958 1048 1990 Asiae
1076 1958 1264 1989 revocavit.
1317 1958 1361 1989 At
1386 1956 1550 1999 Amyntas
1574 1965 1635 1987 rex
1663 1954 1818 1986 Galatiae
1844 1965 1916 1986 eum
1942 1964 2013 1985 eam

219 2029 320 2058 regno
347 2029 404 2049 suo
431 2017 613 2048 adiecisset
638 2017 770 2054 (Strabo
800 2016 850 2056 12,
877 2017 907 2056 6,
933 2016 953 2046 4
978 2026 1007 2057 p.
1028 2014 1108 2047 569:
1143 2011 1206 2056 τὴν
1227 2011 1452 2056 Ἀντιόχειαν
1477 2012 1571 2056 ἔχων
1594 2009 1659 2052 τὴν
1682 2008 1776 2056 πρὸς
1799 2011 1841 2057 τῇ
1865 2009 2013 2053 Πισιδίᾳ

217 2077 322 2118 μέχρι
352 2071 631 2109 Ἀπολλωνιάὃος
663 2073 722 2114 τῆς
753 2070 844 2116 πρὸς
871 2069 1051 2115 Ἀπαμείᾳ
1084 2070 1125 2116 τῇ
1156 2069 1309 2112 Κιβωτῷ
1338 2071 1397 2102 καὶ
1427 2069 1484 2110 τῆς
1514 2071 1722 2113 παρωρείου
1752 2065 1830 2100 τινὰ
1864 2068 1922 2100 καὶ
1952 2065 2015 2110 τὴν

219 2133 458 2171 Λυκαονίαν),
490 2132 529 2163 ab
561 2142 598 2163 eo
631 2132 706 2163 inde
741 2136 889 2172 tempore
916 2128 1064 2161 Pisidiae
1097 2128 1262 2160 attributa
1301 2139 1379 2170 pars
1413 2128 1535 2159 mansit
1566 2126 1762 2169 provinciae
1790 2125 1946 2158 Galatiae
1967 2135 2014 2167 ex

220 2199 322 2230 regno
351 2189 407 2220 illo
435 2189 569 2220 effectae
596 2188 818 2230 (Ptolemaeus
845 2189 874 2227 5,
902 2187 933 2227 4,
963 2188 1018 2225 113
1053 2186 1238 2228 Stephanus
1271 2185 1348 2228 Byz.
1374 2195 1400 2216 s.
1429 2194 1478 2216 v.:
1512 2178 1553 2221 ιζ’
1580 2181 1750 2218 Πισιδίας
1783 2181 1803 2223 ἡ
1837 2179 2016 2227 πρότερον

221 2243 456 2290 ῘΗοριῩιάιον).

353 2303 378 2343 ¹)
404 2301 437 2333 C.
464 2301 486 2333 I.
514 2302 569 2334 Gr.
596 2303 683 2334 4039
710 2302 833 2334 additis
859 2301 902 2333 iis
930 2311 1011 2343 quae
1038 2301 1077 2332 de
1103 2300 1249 2331 lectione
1276 2298 1477 2330 observavit
1496 2296 1659 2329 Perrotus
1675 2297 1762 2339 eoepl.
1780 2296 1870 2329 areli.
1892 2307 1922 2338 p.
1941 2295 2016 2328 261.

223 2360 317 2400 Apud
342 2358 511 2400 Iosephum
538 2364 616 2399 (ant.
648 2359 695 2396 16,
714 2360 743 2399 6,
766 2359 796 2400 2)
822 2360 855 2391 in
882 2359 1011 2391 decreti
1037 2357 1182 2399 Augusti
1208 2356 1338 2389 verbis:
1373 2353 1410 2386 ἐν
1434 2348 1687 2397 ἐπισημοτάτῳ
1712 2349 1811 2395 τόπῳ
1834 2352 2018 2396 γενηθέντι

221 2428 282 2459 μοι
310 2413 381 2447 ὑπὸ
406 2416 469 2447 τοῦ
495 2415 616 2447 κοινοῦ
641 2417 699 2456 τῆς
714 2413 835 2452 Ἀσίας
853 2415 890 2448 ἐν
911 2412 1063 2460 Ἀργῦρῃ
1084 2418 1175 2446 recte
1194 2413 1323 2444 monuit
1341 2412 1536 2444 Chishullus
1553 2422 1582 2453 p.
1605 2411 1667 2444 166
1686 2411 1868 2442 cavendum
1888 2419 1961 2441 esse
1979 2409 2018 2441 ab

226 2474 454 2505 emendatione
488 2473 703 2513 Scaligerana
738 2474 836 2505 hodie
868 2478 1004 2514 recepta
1037 2470 1073 2504 ἓν
1097 2466 1262 2516 Ἀγκύρῃ,
1305 2469 1546 2511 expectandum
1579 2474 1671 2501 certe
1704 2469 1737 2500 id
1771 2469 1857 2510 quod
1889 2467 2019 2499 Petitus

223 2531 405 2562 restituere
433 2540 532 2561 ausus
559 2535 611 2562 est
635 2530 672 2562 ἓν
696 2525 883 2574 Περγάμῳ
908 2530 1000 2569 (Tac.
1020 2540 1092 2561 ann.
1113 2529 1143 2568 4,
1163 2528 1202 2559 37
1231 2528 1291 2568 al.;
1318 2526 1508 2569 νεμηθέντι
1529 2545 1570 2548 -
1587 2525 1626 2559 ἐν
1643 2520 1839 2568 πανηγύρει
1861 2523 2021 2565 Bergkius

224 2598 252 2629 p.
273 2588 288 2618 ῖ
317 2598 345 2619 n.
374 2588 417 2627 7).
453 2588 628 2618 Decretum
655 2588 823 2629 pertinere
850 2587 887 2618 ad
907 2587 1021 2618 Asiam
1041 2585 1250 2628 provinciam
1270 2594 1307 2615 eo
1326 2583 1432 2624 magis
1451 2588 1594 2623 constat,
1620 2583 1704 2624 quod
1725 2583 1757 2614 in
1777 2592 1814 2613 eo
1833 2582 2023 2613 nominatur

225 2644 257 2675 C.
280 2645 426 2676 Marcius
453 2646 653 2676 Censorinus
680 2647 723 2684 (v.
745 2644 971 2685 &Vaddington
991 2644 1110 2685 J'astes
1135 2642 1192 2673 {les
1222 2651 1313 2684 pror.
1340 2642 1402 2672 As.
1429 2652 1458 2683 p.
1478 2641 1541 2672 659
1573 2645 1605 2671 et
1631 2639 1718 2672 infra
1743 2650 1773 2682 p.
1796 2640 1883 2679 174).
1926 2639 2022 2671 Cete-

226 2713 296 2733 rum
334 2703 464 2742 insigne
500 2703 667 2734 decretum
700 2702 732 2733 in
767 2701 912 2742 Augusti
943 2701 1102 2732 honorem
1135 2698 1257 2730 factum
1291 2709 1307 2730 a
1341 2698 1491 2739 Lesbiis,
1528 2697 1613 2739 quod
1645 2697 1822 2740 Mytilenis
1855 2700 2022 2738 repertum

226 2759 328 2790 edidit
355 2759 495 2790 Conzius
521 2758 629 2799 (Heise
652 2760 720 2800 aas
740 2758 799 2790 (let-
822 2758 914 2789 [περ]
938 2756 1059 2789 Lesbos
1084 2758 1151 2789 tab.
1180 2767 1248 2797 vu.3
1280 2754 1510 2798 imperfectum
1536 2755 1662 2795 legitur
1688 2754 1722 2786 C.
1744 2753 1766 2786 Ι.
1792 2752 1850 2785 Gr.
1877 2751 2024 2791 216711),

227 2816 317 2846 aedis
351 2826 474 2857 quoque
509 2816 602 2847 illius
629 2815 850 2855 Pergamenae
884 2815 1031 2846 meminit
1058 2816 1124 2846 sic:
1152 2810 1344 2847 ἀναθεῖναι
1374 2811 1409 2845 δὲ
1437 2811 1576 2853 debeb!
1601 2836 1714 2844 .....
1740 2810 1778 2845 ἐν
1802 2811 1851 2854 τῷ
1876 2810 1950 2852 ναῷ
1977 2807 2024 2851 τῷ

226 2872 576 2915 κατιισκμναζοιιιέιῳ
609 2873 752 2913 (scilicet
782 2883 864 2913 quae
893 2872 1110 2914 αι’(ἰίΙὶοαίηνς
1223 2877 1485 2904 ΕΥΑΣΟΜΕΝΩ
1510 2869 1671 2909 traditur,
1697 2867 1887 2900 emendavit
1913 2866 2025 2899 wila-

226 2928 427 2967 mowitzius)
465 2927 583 2970 α[ι’ν]ιῴ
620 2926 690 2960 ὑπὸ
728 2929 788 2969 τῆς
823 2926 936 2965 Ἀσίας
974 2928 1012 2961 ἓν
1048 2922 1231 2974 Περγάμῳ
1268 2929 1337 2968 >fast
1373 2926 1421 2967 ἐν]
1450 2949 1641 2959 .........
1657 2937 1684 2968 ῳ
1719 2925 1778 2956 καὶ
1811 2920 1934 2966 Ἀκτίῳ
1965 2922 2027 2955 καὶ

227 2987 427 3027 Βρεντεσιίρ
454 2986 510 3016 καὶ
532 2981 762 3031 Ταρῤά[κ]ιιηί
789 2987 845 3018 καὶ
864 2986 1099 3027 alamanne?
1125 3009 1341 3018 ..........
1368 2984 1426 3015 καὶ
1443 2982 1678 3025 Ἀ]ντιοχ[εί]ᾳ
1701 2978 1796 3026 πρὸς
1820 2981 1861 3025 τῇ
1879 2977 2025 3025 Δάφνῃ.

228 3042 377 3082 Apparet
410 3041 632 3084 Mytilenaeos
665 3043 789 3074 def-reti
822 3043 873 3074 sui
904 3043 1053 3084 exempla
1090 3042 1229 3084 proponi
1261 3041 1402 3073 iussisse
1432 3041 1573 3073 maxime
1599 3040 1633 3072 in
1659 3038 1823 3081 portibus,
1849 3038 1881 3069 in
1908 3037 2025 3079 quibus

231 3098 500 3138 frequentissime
526 3105 753 3130 versarentur.
