2227 3452
274 316 362 367 Cap.
384 315 521 354 XXXV
553 317 604 367 (p.
632 315 738 364 153).

331 396 364 421 vi
393 395 499 422 24—2?
538 384 652 422 Pater
681 383 825 435 patriae
856 383 1079 434 appellatus.

394 463 492 491 2128
539 452 624 498 Quo
657 459 830 503 tempore
860 451 953 489 haec
985 450 1125 502 scripta
1157 451 1247 489 sint.

348 520 401 558 De
433 520 711 559 commentario
743 519 894 571 publice
926 519 964 557 in
998 518 1092 557 urbe
1124 525 1211 557 ante
1244 519 1465 569 sepulcrum
1498 529 1611 555 suum
1644 517 1895 567 proponendo
1917 517 2007 567 quid

215 588 412 639 Augustus
452 594 683 627 testamento
725 587 886 632 caverit,
929 587 975 625 ad
1016 599 1104 625 eum
1146 586 1184 624 111
1223 586 1412 637 principio
1452 584 1704 636 exposuimus
1743 585 1856 630 tinfra
1895 597 1930 634 p.
1956 585 2007 631 1).

216 656 434 695 Paruerunt
473 663 513 695 ut
550 656 752 707 oportebat
791 655 824 694 ei
861 655 933 706 legi
972 655 1131 693 heredes
1165 654 1388 704 tabulasque
1420 660 1707 706 proposuerunt
1738 653 1789 690 ibi
1822 652 1885 690 ubi
1916 652 2008 690 iussi

214 731 323 763 erant
360 732 448 763 ante
492 725 729 763 mausoleum
763 723 943 774 Augusti.
980 723 1125 762 l'Austa
1156 722 1301 760 dictum
1335 722 1460 760 medio
1492 734 1604 767 aevo.
1645 721 1762 760 situm
1797 722 1833 759 111
1867 722 2009 771 Campo

214 793 348 832 Martio
387 793 438 831 ibi
479 795 557 832 fere
595 793 660 831 ubi
698 805 802 831 nunc
839 798 898 830 est
937 792 1087 842 Ripetta
1130 791 1292 841 (Becker
1334 797 1479 841 topogr.
1514 790 1619 828 urbis
1660 789 1802 827 Romae
1840 802 1875 840 p.
1899 788 2009 829 639).

215 860 308 899 Nam
342 862 549 912 exemplar,
581 861 683 911 quod
714 860 826 899 hodie
858 865 1035 911 superest
1057 861 1236 910 Ancyrae,
1269 859 1306 897 iu
1341 858 1588 910 praescriptis
1610 858 1750 896 dieitur
1772 858 2008 909 descriptum

214 942 259 968 ex
299 929 444 969 duabus
487 929 632 968 ahener‘s
661 929 765 980 pilis,
804 941 897 980 qnae
931 935 1017 967 sunt
1047 928 1185 966 Romae
1213 930 1367 979 positae.
1428 927 1505 965 Nec
1537 932 1720 978 pugnant,
1754 926 1853 964 sicut
1886 926 2008 964 visum

213 1004 272 1037 est
310 997 439 1049 Lipsio
479 997 540 1043 (ad
582 997 701 1035 Taciti
738 1009 827 1035 ann.
862 998 896 1043 1,
932 996 1018 1046 11),
1059 1008 1146 1034 cum
1191 996 1328 1034 tabulis
1367 995 1523 1034 alieneis
1556 995 1731 1034 Suetonii
1771 994 1870 1042 (vide
1912 995 2010 1033 infra

213 1079 249 1117 p.
277 1067 314 1113 1)
345 1065 441 1117 pilae
473 1065 639 1103 alieneae
670 1064 899 1116 exemplaris
931 1064 1141 1115 Aucyrani;
1175 1076 1260 1102 nam
1294 1077 1411 1115 prope
1433 1064 1577 1103 accedit
1599 1063 1645 1102 ad
1669 1063 1818 1102 tabulae
1841 1062 2008 1114 speciem

213 1134 287 1185 pila
324 1133 529 1184 quadrata,
571 1133 679 1171 cuius
715 1134 859 1183 postica
892 1133 937 1170 ad
970 1145 1126 1170 murum
1160 1133 1344 1184 applicata
1382 1133 1448 1179 sit,
1482 1133 1581 1171 latus
1613 1138 1824 1183 utrumque
1856 1131 2009 1169 brevius

212 1215 231 1241 a
272 1201 460 1253 scriptura
499 1207 616 1239 vacet.
679 1200 797 1239 Multo
836 1200 966 1238 minus
1004 1200 1105 1250 quod
1147 1202 1386 1239 mausoleum
1421 1201 1510 1239 illud
1544 1214 1589 1239 ex
1621 1200 1743 1251 lapide
1775 1202 1917 1238 factum
1952 1206 2011 1239 est

212 1270 338 1309 obstat
369 1269 578 1320 quominus
610 1275 697 1307 ante
729 1269 764 1307 id
796 1269 892 1320 pilae
924 1269 1090 1307 aheneae
1122 1275 1287 1307 statutae
1321 1268 1475 1312 fuerint,
1508 1281 1742 1320 ‹piainquam
1776 1268 1886 1308 aliter
1907 1269 2009 1308 iudi-

211 1337 309 1376 cavit
341 1336 543 1388 Zumptius
576 1340 696 1385 (mon.
729 1338 866 1389 Ancyr.
899 1350 934 1388 p.
958 1336 1039 1379 333».

344 1405 472 1444 Indice
504 1405 552 1443 ita
587 1405 728 1444 Romae
761 1406 909 1457 publice
941 1405 1152 1456 proposito,
1184 1418 1298 1456 quem
1333 1412 1370 1444 et
1400 1406 1608 1445 auctoritas
1640 1413 1677 1444 et
1709 1405 1873 1444 brevitas
1901 1418 2009 1444 com-

214 1474 432 1519 mendaret,
474 1486 551 1512 11011
594 1474 735 1512 mirum
781 1481 838 1513 est
879 1487 968 1512 usos
1006 1487 1089 1512 esse.
1127 1487 1256 1512 rerum
1299 1474 1529 1526 scriptores,
1571 1488 1736 1526 quorum
1779 1488 1822 1512 ex
1861 1474 1906 1513 iis
1944 1475 2010 1525 qui

211 1548 343 1581 extant
374 1542 549 1581 notitiam
589 1543 672 1581 eius
704 1543 925 1581 habuerunt
957 1542 1121 1581 Velleius
1152 1549 1189 1581 et
1222 1543 1488 1593 Suetonius¹).
1549 1543 1643 1582 Nam
1680 1543 1859 1586 Velleius,
1899 1543 2009 1581 cuius

210 1616 332 1649 aetate
366 1611 513 1649 tabulae
546 1610 689 1649 Romae
730 1611 925 1662 expositae
958 1617 1067 1653 sunt,
1106 1610 1336 1662 principium
1371 1618 1473 1650 certe
1506 1612 1691 1650 memoria
1724 1611 1919 1650 invenitur
1953 1618 2008 1649 te-

210 1679 340 1718 nuisse
373 1679 424 1730 (v.
448 1679 544 1718 infra
568 1693 602 1731 p.
627 1680 690 1730 3);
724 1679 933 1718 Suetonius
967 1686 1004 1718 et
1035 1679 1155 1730 ipsam
1189 1679 1271 1717 eius
1304 1679 1595 1731 inscriptionem
1622 1685 1811 1718 memorat
1834 1682 1882 1726 (v.
1906 1692 1941 1730 p.
1972 1678 2007 1727 1)

210 1753 247 1786 et
278 1747 396 1785 semel
428 1754 477 1794 tv.
500 1748 546 1786 ad
579 1748 614 1787 4.
647 1747 717 1797 35)
749 1760 837 1785 eum
871 1747 1018 1797 adlegat
1050 1747 1122 1785 sub
1155 1749 1311 1787 nomine
1343 1748 1532 1789 auctoris.
1572 1747 1713 1799 passim
1746 1754 1873 1787 auten]
1908 1747 2008 1795 (vide

209 1815 306 1853 infra
345 1815 390 1854 ad
431 1815 510 1854 Lat.
543 1816 577 1861 1,
618 1815 682 1853 21.
718 1816 780 1854 Gr.
805 1816 842 1862 3,
875 1815 938 1854 21.
973 1817 1008 1861 4,
1037 1817 1069 1854 1.
1112 1816 1192 1855 Lat.
1216 1817 1252 1861 2,
1286 1816 1322 1854 2.
1356 1817 1420 1854 21.
1453 1816 1518 1854 42.
1553 1816 1589 1862 3,
1615 1817 1651 1854 7.
1685 1817 1720 1861 4,
1749 1817 1809 1854 17.
1847 1816 1907 1854 19.
1942 1816 2006 1853 39.

209 1882 275 1922 43.
308 1884 371 1921 51.
406 1884 447 1929 5,
488 1884 545 1922 10.
582 1883 643 1921 12.
677 1882 742 1922 36.
776 1884 841 1922 40.
873 1884 938 1922 47.
968 1885 1032 1923 50.
1062 1885 1104 1925 6,
1136 1885 1177 1935 9)
1215 1885 1261 1923 ab
1301 1898 1344 1923 eo
1384 1885 1522 1935 pendet
1563 1885 1619 1923 vel
1656 1891 1759 1923 certe
1797 1884 1897 1922 inter
1937 1884 2007 1922 alia

208 1963 296 1990 eum
338 1951 487 1989 videtur
527 1951 759 1990 adhibuisse.
822 1951 955 1990 Libelli
993 1954 1116 1990 forma
1149 1953 1313 1991 iudicem
1348 1953 1498 2003 publice
1529 1952 1674 1991 editum
1709 1964 1791 1990 esse
1824 1957 2005 1990 testatum

209 2032 286 2058 non
319 2019 524 2065 habemus3
556 2026 594 2058 et
625 2019 788 2058 Velleius
820 2020 976 2070 quidem
1002 2020 1287 2071 Suetoniusque
1320 2021 1399 2059 lieri
1431 2027 1559 2072 potest
1592 2027 1633 2059 ut
1663 2032 1751 2058 euin
1784 2020 1946 2070 legerint
1967 2019 2005 2057 in

207 2087 291 2139 ipso
329 2099 436 2133 aere,
476 2100 599 2137 neque
638 2087 875 2137 grammatici
918 2101 1004 2126 eum
1040 2089 1169 2127 citant.
1230 2090 1278 2127 At
1317 2102 1405 2127 cum
1450 2089 1474 2127 ii
1515 2089 1634 2127 citent
1675 2088 2005 2137 testamentum),

208 2155 401 2206 probabile
440 2161 499 2193 est
530 2154 694 2193 indicem
727 2167 881 2205 quoque
915 2157 1135 2196 hominibus
1173 2157 1295 2195 doctis
1327 2157 1461 2195 aetatis
1500 2157 1724 2208 posterioris
1755 2156 1794 2194 in
1827 2155 2006 2194 manibus

207 2223 337 2262 fuisse.
387 2223 442 2261 Ad
472 2235 543 2261 nos
575 2223 749 2274 pervenit
770 2236 846 2261 non
869 2224 1064 2263 codicibus
1087 2231 1330 2276 propagatus.
1354 2225 1417 2263 sed
1442 2238 1510 2277 per
1530 2224 1760 2276 exemplaria
1784 2230 1861 2263 tam
1884 2223 2006 2275 ipsius

206 2304 321 2343 quam
354 2291 682 2342 interpretationis
715 2292 896 2337 Graecae,
929 2306 1027 2343 quae
1059 2293 1211 2344 publico
1243 2292 1403 2331 consilio
1435 2293 1473 2331 in
1506 2293 1629 2344 lapide
1661 2293 1777 2331 incidi
1808 2293 2007 2331 iusserunt

206 2372 267 2398 res
302 2359 479 2411 *publicae
517 2360 613 2398 duae
652 2360 833 2405 Graecae,
882 2361 1048 2399 Galatiae
1080 2361 1298 2412 provinciae
1332 2368 1512 2412 utraque,
1550 2362 1750 2413 Ancyrana
1781 2368 1820 2399 et
1850 2361 2006 2412 Apollo-

207 2428 416 2475 niensis³);
448 2441 535 2467 nam
568 2440 804 2479 quamquam
827 2429 1046 2480 Apolloniae
1079 2442 1155 2467 nou
1186 2436 1363 2480 superest
1394 2430 1466 2469 11151
1497 2443 1585 2482 pars
1608 2429 1806 2475 versionis,
1839 2428 2006 2467 dubitari

338 2548 364 2590 ¹)
390 2548 463 2581 Non
491 2553 582 2580 recte
610 2548 772 2588 Bergkius
799 2559 825 2589 p.
847 2548 877 2588 S,
904 2549 1059 2580 dubitans
1086 2559 1165 2580 saue
1192 2551 1272 2591 ipse,
1298 2550 1423 2582 adiecit
1449 2551 1549 2583 etiam
1571 2550 1749 2582 Nicolaum
1770 2549 2004 2581 Dainascenum

205 2605 267 2636 hoc
298 2605 406 2636 indice
433 2616 523 2637 usuin
557 2605 723 2644 inveniri,
757 2610 894 2648 propter
921 2606 1029 2637 locum
1058 2607 1148 2638 vitae
1174 2607 1269 2639 Caes.
1296 2618 1322 2638 c.
1345 2608 1378 2638 l:
1417 2605 1645 2642 ἐθελουσίους
1669 2617 1702 2638 τε
1726 2602 2006 2651 προσαγόμενος

307 2660 450 2694 ἔπεισεν
473 2660 600 2694 ἑαυτοῦ
625 2660 830 2707 ἀκροᾶσθαι
864 2653 914 2694 ὧν
945 2661 983 2695 δὲ
1018 2659 1302 2707 πρότερονὊὺδὲ
1335 2660 1496 2706 ὀνόματα
1530 2661 1724 2704 ἠπίσταντο
1750 2663 1785 2695 οἵ
1813 2660 2003 2707 ἄνθ-ρωποι

205 2716 296 2750 οὐδέ
326 2728 422 2753 τινος
452 2714 604 2759 ὑπήκοοι
634 2719 796 2761 ἐγένοντο
827 2717 887 2750 διὰ
918 2718 1073 2763 μνήμης,
1108 2718 1385 2764 ἡμερωσάμενος
1413 2718 1545 2753 ὁπόσοι
1571 2719 1667 2757 ἐντὸς
1689 2715 1811 2762 Ῥήνου
1836 2722 2005 2763 ποταμοῦ

203 2775 450 2814 κατοικοῦσιν,
481 2772 570 2820 ὑπέρ
601 2786 636 2807 τε
665 2773 729 2809 τὸν
747 2772 874 2808 Ἰόνιον
900 2775 1039 2809 πόντον
1063 2778 1122 2808 καὶ
1147 2775 1188 2809 τὰ
1210 2774 1386 2820 Ἰλλυριῶν
1409 2779 1508 2820 yetus
1541 2780 1767 2813 Παννονίους
1791 2774 1922 2813 αὐτοὺς
1946 2779 2005 2809 καὶ

204 2833 327 2868 Διῖκας
347 2833 529 2864 καλοῦσιν.
571 2832 650 2864 Nam
677 2843 748 2864 011111
776 2843 888 2875 parum
914 2834 1099 2865 verisimile
1127 2839 1179 2866 est
1204 2840 1368 2877 sumptum
1393 2846 1466 2866 esse
1492 2846 1533 2866 ex
1559 2836 1668 2867 indice
1695 2837 1724 2873 5,
1743 2835 1786 2867 44
1801 2845 1867 2877 seq.

336 2889 361 2929 ²)
388 2889 559 2921 Charisius
579 2900 606 2931 p.
624 2890 686 2922 104
705 2888 800 2928 Hei13
822 2901 924 2933 neque
943 2892 1028 2923 enim
1048 2897 1139 2924 reete
1159 2893 1278 2934 opinor
1298 2893 1458 2932 Bergkius
1478 2904 1504 2934 p.
1522 2894 1539 2924 S
1559 2893 1738 2924 lectionem
1757 2893 1911 2925 traditam
1931 2898 2003 2925 tue-

204 2951 259 2978 tur
288 2947 446 2988 Aug-usta
470 2948 504 2977 in
521 2948 727 2986 testa-mento,
753 2957 815 2989 quo
840 2949 972 2980 1101111110
991 2959 1102 2980 rerum
1121 2950 1307 2991 scriptores
1325 2949 1455 2991 quidem
1474 2955 1667 2991 argumento
1687 2950 2002 2991 interpretationem

204 3003 385 3035 adiuvante
413 3014 516 3045 neque
543 3007 650 3034 tamen
677 3005 885 3044 grammatici
912 3005 1041 3037 Liviam
1068 3010 1160 3037 recte
1186 3006 1356 3048 appellare
1384 3011 1574 3048 potuerunt.

335 3061 360 3099 ³)
388 3060 565 3102 Apollonia
591 3060 657 3092 sita
683 3061 714 3091 in
742 3062 897 3093 confiniis
916 3061 1084 3105 Phrygiae
1111 3068 1143 3094 et
1173 3063 1317 3095 Pisidiae
1345 3063 1397 3100 [es.
1418 3063 1456 3095 G.
1475 3062 1665 3095 Hirschfeld
1692 3064 1723 3095 iu
1751 3063 1835 3094 actis
1861 3064 2000 3095 minori-

204 3115 264 3148 bus
296 3117 388 3148 acad.
414 3117 521 3149 Berol.
547 3128 575 3148 a.
600 3118 682 3149 1879
709 3128 737 3159 p.
757 3118 837 3158 316)
869 3120 948 3151 olim
981 3130 1052 3151 cum
1088 3120 1147 3151 illa
1182 3121 1458 3152 contribuebatur
1489 3120 1692 3162 (Stephanus
1718 3122 1796 3162 Byz,
1825 3131 1849 3151 s.
1871 3132 1920 3153 v.:
1957 3116 2000 3162 ιη’
