2227 3452
909 191 978 233 III,
1008 192 1096 226 1—6
1840 194 1893 236 57

105 314 223 365 solus)
250 316 422 366 princeps
442 317 662 361 iiwentutis,
695 325 778 353 cum
799 319 923 364 toqam
955 311 1161 363 sumpsitl).
1212 311 1318 349 Idem
1350 311 1579 350 confirmant
1606 312 1758 351 nummi
1781 313 1896 352 Getae

106 383 265 435 (Eckhel
296 383 333 429 7,
365 381 471 428 2303
503 381 632 420 Cohen
664 382 722 420 ed.
749 383 766 419 1
802 381 871 419 vol.
895 380 918 419 3
950 393 986 432 p.
1010 379 1090 418 472
1121 392 1158 418 n.
1185 379 1263 418 119
1295 391 1331 430 p.
1356 377 1448 416 480.
1471 377 1548 416 481
1581 391 1618 416 n.
1648 379 1894 429 172—175)‚

106 453 144 491 in
175 451 315 503 quibus
347 463 434 490 cum
470 450 660 489 scribatur
690 450 729 489 P.
751 449 953 501 Septimius
977 449 1067 488 Geta
1092 448 1209 495 Caes„
1236 450 1359 500 princ.
1381 449 1536 493 iuvent„
1568 460 1651 493 cos„
1683 456 1898 488 cernuntur

106 519 252 571 equites
284 519 359 558 cito
387 524 587 558 currentes
611 525 698 565 tres,
731 530 897 569 quorum
920 531 1020 557 unus
1041 516 1246 569 praecedit,
1278 515 1415 554 Caesar
1437 515 1593 562 scilicet,
1625 516 1701 555 duo
1723 529 1895 568 sequun-

106 596 169 629 tur
198 588 271 627 loci
302 594 345 627 ut
375 587 525 626 videtur
555 586 804 638 inferioris2).
846 586 1017 637 Denique
1039 586 1089 625 ita
1111 586 1334 638 explicatur,
1356 584 1458 635 quod
1489 584 1538 623 Μ.
1561 585 1738 624 Aurelius
1762 585 1898 625 Caesar

104 658 284 711 princeps
320 655 529 695 iuventutis
568 656 679 694 ludos
721 655 898 694 sevirales
939 654 1058 693 edidit
1099 667 1181 693 cnm
1222 654 1367 705 colleqz's
1407 653 1499 704 (vita
1537 653 1585 692 M.
1607 654 1748 692 Anton.
1781 667 1812 693 c.
1836 656 1896 703 6);

105 726 224 767 edidit
253 725 439 764 nimirum
473 738 547 764 una
579 737 666 764 cum
699 724 868 775 quinque
899 723 981 762 aliis
1013 723 1147 762 seviris
1180 729 1329 762 turmae
1353 723 1510 775 primae.
1553 723 1683 773 Itaque
1706 723 1897 763 extribus

105 794 377 835 decurionibus
408 793 554 846 primae
588 801 735 832 turmae
767 792 941 844 equitum
964 792 1227 831 Romanorum
1261 792 1292 831 si
1323 791 1388 842 qui
1420 797 1501 829 erat
1527 803 1571 829 ex
1594 790 1708 829 domo
1732 790 1898 842 impera-

106 863 202 904 toria
239 870 299 909 et,
342 868 384 902 ut
415 863 465 902 ait
497 862 655 901 Ovidius
689 862 796 910 (artis
828 868 941 901 amat.
969 863 1001 907 1,
1040 862 1150 904 194),
1183 874 1286 900 nunc
1316 861 1500 900 iuvenum
1533 859 1729 911 princeps,
1762 860 1898 899 deinde

105 935 260 972 futurus
291 944 441 978 senum,
473 931 735 983 appellabatur
766 931 943 982 princeps
972 930 1195 970 iuventutis.
1228 937 1361 969 contra
1383 929 1521 981 privati
1542 929 1675 967 eodem
1699 929 1782 968 loco
1804 942 1899 968 con-

107 1001 232 1041 stituti
269 999 528 1040 subsistebant
558 999 596 1038 in
628 999 1067 1051 antiquaappellatione
1100 999 1214 1038 seviri
1245 1000 1419 1050 equitum
1452 998 1717 1037 Romanorum
1750 1004 1899 1037 turmae

104 1070 263 1123 primae.
331 1069 449 1120 quue
480 1068 668 1119 significat
698 1070 916 1120 Augustus,
963 1082 1050 1108 cum
1095 1068 1227 1107 scribit
1266 1068 1361 1107 tilios
1393 1081 1483 1107 suos
1516 1067 1562 1106 ab
1594 1067 1788 1119 equitibus
1819 1067 1899 1106 Ro-

106 1138 230 1178 manis
260 1138 468 1190 appellatos
501 1151 584 1177 esse
615 1137 773 1176 nomine
804 1137 867 1176 illo
899 1137 1246 1177 honorificentiore.
1288 1137 1494 1176 Evidenter
1515 1137 1619 1176 enim
1642 1137 1680 1176 in
1703 1150 1745 1176 ea
1767 1137 1898 1189 appel-

104 1208 245 1247 latione
275 1220 362 1259 spes
384 1207 604 1246 continetur
635 1207 797 1259 principi
828 1207 892 1258 qui
925 1219 1027 1245 nunc
1049 1213 1108 1245 est
1129 1206 1331 1256 aliquando
1354 1206 1595 1252 succedendi,
1628 1219 1753 1257 neque
1777 1206 1896 1245 ullum

106 1283 209 1316 extat
239 1275 381 1315 certius
414 1283 450 1315 01
480 1275 630 1315 firmius
663 1277 939 1316 documentum
974 1275 1191 1315 hereditarii
1225 1275 1318 1313 iuris
1340 1274 1386 1313 ab
1409 1275 1581 1326 Augusto
1605 1275 1642 1313 in
1665 1288 1747 1314 rem
1772 1275 1898 1327 publi-

106 1358 187 1385 cam
230 1358 304 1384 una
342 1357 429 1383 cum
476 1344 695 1396 principatu
741 1346 982 1397 aliquatenus
1029 1351 1131 1383 certe
1175 1343 1386 1382 introducti
1429 1356 1543 1395 quam
1588 1344 1680 1383 haec
1717 1344 1900 1396 principis

106 1413 320 1453 iuventutis
352 1413 555 1465 appellatio
587 1414 624 1452 in
656 1414 752 1452 lilios
775 1426 1095 1464 successoresque
1120 1413 1254 1451 collata
1276 1412 1399 1463 iisque
1422 1413 1511 1451 solis
1534 1419 1738 1452 reservata.
1789 1413 1897 1460 Quod

105 1484 233 1535 ipsum
266 1482 467 1521 enuntiare
498 1482 627 1521 Pisani
659 1496 738 1521 non
770 1483 1054 1528 dubitaverunt,
1084 1494 1172 1521 cnm
1196 1484 1234 1520 C.
1259 1482 1458 1520 Caesarem
1483 1489 1701 1532 queruntur
1722 1489 1897 1534 ereptum

107 1564 190 1591 esse
222 1551 363 1604 populo
394 1551 568 1589 Romano
606 1555 678 1590 iam
720 1553 951 1603 designatum
992 1554 1245 1590 iustissnmum
1284 1563 1326 1589 ac
1365 1550 1613 1589 siminmnum
1647 1553 1813 1602 parentis
1842 1554 1903 1590 sui

108 1620 306 1660 virtutibus
331 1622 539 1671 principem
570 1620 702 1670 (Orell.
727 1621 838 1668 (343).
871 1644 924 1647 --ψ
955 1621 996 1659 111
1028 1621 1200 1659 nummis
1222 1619 1415 1671 principes
1438 1619 1650 1658 iuventutis
1673 1632 1899 1671 repraesen-

109 1697 238 1730 tantur
269 1695 414 1728 stantes
448 1688 558 1728 velati
590 1696 627 1728 et
661 1689 787 1740 togati,
821 1691 953 1729 dextra
991 1691 1137 1729 hastam
1175 1696 1359 1735 tenentes,
1393 1688 1546 1727 sinistra
1580 1701 1732 1740 parmae
1762 1688 1898 1736 innixi;

108 1771 222 1811 supra
261 1758 521 1809 capeduncula
559 1765 617 1797 est
658 1765 694 1797 et
734 1758 852 1797 lituus
894 1759 1053 1809 (lickhel
1086 1760 1122 1802 S,
1156 1759 1253 1809 2370)
1290 1758 1581 1809 iunguntur‹pie
1614 1757 1682 1803 ita,
1726 1764 1766 1797 111
1796 1765 1899 1797 recte

107 1827 322 1867 observavit
352 1826 590 1866 Caredonius
623 1835 735 1871 (111011.
761 1828 884 1867 1111011.
909 1842 943 1879 p.
968 1828 1078 1871 23:36),
1114 1835 1189 1867 tres
1222 1828 1389 1866 honores
1422 1827 1538 1865 simul
1568 1826 1723 1878 recepti,
1757 1827 1901 1865 scilicet

109 1904 193 1947 toga
234 1895 351 1934 virilis
392 1902 429 1934 et
469 1895 678 1933 sacerdotia
710 1896 785 1934 duo
818 1896 981 1935 indicata
1016 1905 1090 1935 111111
1126 1898 1205 1935 velo
1237 1909 1351 1947 qumn
1386 1895 1656 1934 instrumentis
1688 1902 1725 1934 et
1755 1896 1899 1947 princi-

107 1972 218 2018 patus
259 1965 446 2015 equitum.
508 1963 580 2002 L'bi
617 1970 745 2002 autem
780 1964 971 2016 principes
1004 1965 1215 2004 iuventutis
1253 1965 1485 2003 exhibentur
1521 1964 1635 2003 citato
1674 1977 1772 2015 equo
1809 1977 1899 2002 cur-

108 2040 248 2080 rentes,
281 2033 317 2071 id
349 2032 451 2083 quod
484 2032 732 2084 probabiliter
763 2035 928 2071 refertur
959 2032 1005 2071 ad
1037 2032 1211 2083 equitum
1237 2032 1506 2073 travectioncm
1532 2033 1609 2072 sive
1632 2032 1898 2084 probationem

108 2102 235 2142 idibus
266 2101 382 2141 Iuliis.
416 2101 465 2139 ibi
497 2113 629 2152 parma
658 2101 844 2152 hastaque
875 2101 1069 2152 absunt³).

241 2170 352 2217 Quod
383 2170 414 2209 si
446 2170 597 2221 quaeris
628 2170 823 2221 quomodo
855 2170 971 2210 Gaius
1003 2177 1041 2210 et
1062 2170 1203 2210 Lucius
1235 2171 1426 2223 principes
1459 2171 1666 2209 iuventutis
1698 2169 1787 2209 lacti
1809 2169 1897 2214 sint,

240 2334 266 2376 ¹)
292 2334 323 2366 ld
357 2339 408 2366 cst
439 2337 610 2377 cooptatus
639 2336 687 2365 est
720 2335 760 2365 alt
792 2335 956 2376 equitibus
980 2336 1066 2366 inter
1090 2337 1161 2365 tres
1190 2336 1375 2376 primarios
1399 2335 1525 2365 set-[ros
1550 2336 1609 2373 lla,
1636 2336 1669 2365 nt
1694 2332 1788 2364 solus
1813 2335 1900 2364 esset

106 2393 260 2434 princeps
285 2383 479 2423 iuventutis.
522 2391 571 2422 Ab
599 2391 829 2423 emendatione
856 2391 963 2434 Lipsii
989 2402 1068 2423 sane
1094 2392 1244 2434 speciosa
1272 2394 1360 2423 111101·
1384 2391 1545 2423 trossulos
1570 2390 1674 2423 verba
1699 2390 1756 2421 illa
1776 2390 1899 2432 optime

109 2447 254 2481 defendit
272 2448 487 2490 Spanhemius
514 2449 535 2479 l.
556 2460 595 2489 c.‚
622 2458 724 2490 neque
750 2453 880 2489 auctor,
907 2449 1014 2491 qualis
1041 2454 1093 2481 est
1118 2450 1328 2491 biographus,
1357 2449 1508 2481 obsoleto
1528 2449 1657 2480 nomine
1676 2447 1898 2479 trossulorum

109 2506 238 2548 equites
264 2506 434 2548 appellare
463 2506 579 2547 potuit.

241 2563 268 2605 ²)
292 2563 380 2595 Raro
407 2564 542 2595 additur
566 2564 607 2595 ad
627 2569 695 2594 tres
721 2563 780 2594 hos
807 2563 935 2605 equites
962 2563 1048 2595 alter
1073 2564 1153 2595 orde
1172 2565 1326 2606 superior
1354 2565 1385 2596 in
1413 2569 1539 2607 partem
1560 2564 1742 2606 oppositam
1762 2572 1899 2595 currens

108 2620 234 2664 (Cohen
260 2621 281 2652 l.
301 2632 327 2652 c.
356 2632 385 2653 n.
417 2622 507 2661 thi);
534 2632 616 2663 quae
642 2632 695 2653 res
722 2626 850 2663 spectat
875 2620 1020 2653 fortasse
1046 2623 1085 2653 ad
1111 2627 1234 2654 certam
1261 2623 1404 2664 aliquam
1431 2621 1578 2664 equitum
1605 2630 1738 2662 pompae
1764 2620 1817 2651 vel
1844 2620 1900 2651 de-

110 2678 278 2710 cursionis
303 2676 452 2710 formam.

245 2736 273 2775 ³)
299 2735 448 2775 Vergilii
482 2740 597 2778 poetae
623 2737 720 2775 (Aen.
740 2738 770 2776 5,
796 2737 859 2768 545
879 2739 960 2778 seq.)
986 2742 1113 2769 turmae
1139 2743 1208 2769 tres
1234 2737 1368 2769 Troiam
1395 2738 1550 2770 ludentes
1578 2746 1756 2780 puerorum
1777 2734 1900 2767 duode-

110 2802 225 2824 norum
266 2803 328 2823 non
363 2797 455 2824 recte
487 2792 734 2824 adhibebuntur
765 2794 803 2824 ad
837 2795 984 2826 sevirum
1016 2795 1191 2836 pristinam
1224 2795 1451 2827 condicionem
1483 2795 1718 2832 deliniendamg
1756 2804 1828 2825 nam
1867 2798 1901 2825 et

110 2849 190 2881 alibi
226 2849 359 2881 Troiam
398 2849 515 2881 ludunt
552 2854 680 2881 turmae
716 2851 798 2882 duae
835 2851 895 2882 sub
933 2853 1105 2892 magistris
1141 2852 1265 2884 duobus
1305 2853 1501 2890 (Suetonius
1543 2853 1635 2884 Caes.
1663 2852 1719 2883 39:
1766 2850 1899 2883 Troiam

109 2905 187 2938 lusit
203 2909 320 2938 turma
337 2906 460 2949 duplex·
474 2908 643 2939 maiorum
668 2909 899 2950 minorumque
913 2919 1116 2952 puerorum,·
1142 2910 1227 2941 idem
1253 2910 1337 2950 Aug.
1364 2912 1416 2942 43.
1443 2909 1515 2942 Tib.
1541 2910 1578 2951 63
1604 2909 1802 2941 Plutarchus
1828 2908 1900 2941 Cat.

113 2963 189 2996 min.
211 2964 244 3004 3)
271 2974 372 3006 neque
399 2964 571 3006 quicquam
591 2975 759 2997 commune
785 2965 1044 2998 habeut'l'roiae
1070 2967 1162 2998 lusus
1189 2967 1322 3009 ludique
1350 2967 1527 3000 sevirales.
1570 2966 1650 2998 Nam
1676 2965 1734 2997 ille
1755 2966 1901 3007 pertinet

115 3020 152 3051 ad
184 3030 304 3062 pueros
337 3021 477 3051 nondum
509 3020 541 3051 in
574 3019 681 3052 forum
714 3022 888 3066 deductos,
920 3024 953 3054 hi
984 3024 1023 3055 ad
1054 3024 1286 3057 adulescentes
1320 3029 1394 3068 post
1428 3029 1588 3066 sumptam
1614 3029 1721 3062 togam
1748 3022 1899 3059 virilem3

111 3077 207 3108 illum
239 3077 334 3119 pueri
368 3077 433 3119 ipsi
464 3077 495 3108 in
527 3078 616 3109 circo
650 3079 787 3121 ineunt,
826 3081 886 3112 hos
919 3081 987 3112 suis
1013 3082 1198 3123 sumptibus
1224 3082 1329 3114 seviri
1355 3080 1482 3114 faciunt
1507 3080 1738 3122 praesidentes
1771 3080 1813 3112 iis
1839 3089 1897 3122 pro

111 3134 362 3175 magistratibus
387 3134 674 3168 sacerdotibusve.
