2227 3452
917 186 984 227 III,
1011 188 1124 222 7—21
1862 192 1911 232 61

126 301 227 354 plebi
258 302 434 343 denarios
465 310 648 344 centenos
679 304 916 356 promisisse,
948 318 1115 357 cumque
1145 305 1252 358 prius
1284 318 1323 345 se
1346 307 1391 346 de
1414 319 1458 346 eo
1480 309 1674 358 congiario
1696 309 1913 348 edicturum

125 377 282 422 negaret
311 385 425 423 quam
468 380 625 413 senatus
663 374 924 426 approbasset,
963 381 1140 414 senatum
1173 375 1303 414 statim
1336 388 1424 414 611111
1456 375 1654 416 absentem
1685 377 1797 417 etiam
1831 384 1915 417 tum

124 439 272 490 legibus
303 441 474 481 solvisse.
538 442 696 482 Videtur
724 442 841 494 igitur
870 443 951 494 lege
982 443 1218 495 prohibitum
1247 443 1378 489 fuisse,
1411 444 1620 496 quominus
1643 445 1743 497 plebi
1765 446 1915 485 nummi

125 507 400 549 dividerentur.

255 577 308 617 De
338 585 473 629 quarta
504 579 728 619 liberalitate
759 580 1010 619 frumentaria
1041 580 1190 631 egimus
1221 581 1267 620 ad
1302 582 1336 626 1,
1360 581 1424 620 32.

256 646 445 693 Quintum
477 648 714 699 congiarium
748 649 878 688 datum
911 663 943 688 a.
968 648 1046 687 742
1078 655 1273 700 praeterea
1305 655 1635 689 commemoratur
1665 649 1787 688 tribus
1809 650 1913 697 locis,

122 715 160 754 in
193 715 298 755 fastis
330 715 748 768 Ripatransonensibus
779 724 817 757 et
847 718 947 769 apud
969 718 1129 756 Dionem
1161 725 1197 757 et
1227 718 1448 770 Iosephum.
1499 717 1602 757 Fasti
1633 718 1685 756 illi
1707 718 1763 768 (C.
1788 718 1813 756 l.
1839 719 1916 757 L.l

121 796 157 835 p.
181 783 261 823 472
290 801 345 817 =
374 784 425 824 IX
448 798 484 823 11.
508 785 633 837 ’5289)
672 786 725 831 sic
763 787 801 825 ni
842 787 950 826 fallor
980 787 1156 839 explendi
1188 794 1279 826 sunt
1309 787 1435 839 paullo
1466 787 1576 826 aliter
1606 792 1721 838 atque
1752 787 1916 838 explevit

122 852 355 904 Borghesius
387 853 465 893 dec.
491 854 526 901 6,
551 856 574 893 6
607 867 693 906 opp.
720 856 754 902 1,
778 854 919 906 3141):

441 967 505 989 cos.
554 968 597 989 m.
648 957 796 990 valerius
842 957 1000 989 messalla
1044 969 1076 1001 p.
1126 958 1288 1002 sulpicius
1335 960 1504 1000 quit-iuius
1710 969 1739 989 u.
1758 969 1786 989 c.
1805 958 1823 988 7
1829 958 1869 989 42

628 1020 698 1061 sus.
756 1044 763 1052 .
789 1044 796 1052 .
821 1044 828 1051 .
853 1045 860 1052 .
1035 1030 1059 1050 c.
1088 1018 1168 1061 nalg·
1190 1028 1198 1052 1
1230 1026 1256 1051 V
1287 1027 1304 1053 S
1330 1020 1433 1061 rusus

695 1100 863 1108 ......
992 1086 1018 1107 c.
1067 1083 1303 1110 CANlNIVS
1328 1075 1449 1108 rebilus

687 1131 718 1164 k.
766 1140 922 1167 AVGVST
960 1141 978 1165 L
996 1150 1004 1159 ·
1022 1140 1214 1167 vorvsivs
1232 1149 1239 1157 ·
1259 1135 1465 1166 sum-ninus

260 1185 347 1229 prid.
373 1196 436 1217 non
462 1189 560 1219 marl.
586 1188 667 1230 imp.
694 1198 819 1222 caesAR
838 1206 845 1213 ·
865 1197 1004 1224 PONTIF
1023 1206 1031 1214 ·
1051 1198 1178 1223 MAXIM
1200 1206 1209 1215 ·
1228 1194 1381 1224 Clu-:atus
1404 1194 1451 1222 est

265 1268 693 1277 ..............
717 1245 797 1279 idem
816 1263 823 1270 ·
845 1254 1100 1281 CONomRiVM
1122 1263 1128 1271 -
1150 1254 1303 1281 POPVLO
1328 1247 1416 1279 dedit

265 1325 726 1335 ...............
770 1311 855 1337 RIVS
888 1321 895 1329 ·
928 1312 955 1337 Μ
996 1321 1004 1330 ·
1046 1313 1064 1337 F
1122 1313 1139 1336 Ρ
1163 1321 1170 1329 ·
1195 1306 1358 1337 RVPth'tls
1385 1330 1391 1336 .
1421 1305 1476 1346 .]”
1497 1328 1504 1335 .
1530 1304 1632 1334 ι’ίαίνῖ’

488 1351 703 1402 cosjpaullus
718 1360 847 1401 ι[11131111-
906 1363 1080 1393 mamimus
1143 1373 1171 1403 q.
1220 1369 1347 1394 AELms
1371 1362 1487 1393 tubero
1707 1370 1737 1391 u.
1757 1370 1782 1391 c.
1804 1360 1866 1391 743

117 1466 186 1507 Dio
218 1468 301 1520 (54,
324 1468 394 1520 29)
426 1470 471 1508 ad
503 1483 535 1509 a.
560 1470 638 1508 742
678 1478 882 1522 postquam
916 1471 1011 1511 dixit
1049 1472 1093 1510 dc
1132 1478 1255 1510 morte
1294 1471 1493 1523 Agrippae,
1531 1483 1627 1521 quae
1666 1470 1793 1509 evenit
1830 1470 1912 1509 eius

117 1536 207 1576 anni
239 1549 372 1577 mense
403 1538 551 1585 Martio,
598 1546 635 1578 et
666 1539 710 1580 de
742 1540 887 1591 legatis,
933 1553 1030 1591 quae
1076 1540 1255 1578 heredem
1294 1539 1512 1590 Augustum
1561 1539 1701 1590 populo
1739 1539 1912 1577 Romano

116 1605 205 1645 dare
235 1606 424 1654 iussisset,
454 1607 560 1647 addit
591 1615 786 1660 praeterea
808 1612 1039 1660 Augustum,
1073 1614 1268 1659 tann‘piam
1302 1608 1353 1647 ita
1386 1614 1617 1647 testamento
1645 1607 1776 1646 iussus
1798 1613 1911 1653 esset,

116 1674 401 1727 quadringenos
433 1676 630 1716 sestertios
662 1678 762 1729 plebi
802 1677 976 1717 divisisse
1008 1677 1093 1728 (καὶ
1129 1677 1236 1716 καθ’
1277 1675 1427 1717 ἑκατὸν
1457 1676 1651 1730 δραχμάς
1685 1679 1738 1729 ιῴ
1771 1673 1911 1729 δήμῳ,

116 1741 171 1791 ὥς
199 1742 272 1785 καὶ
306 1744 472 1786 ἐκείνου
505 1745 795 1797 κελεύσαντος,
831 1746 1048 1798 διένειμε).
1102 1746 1272 1797 Denique
1294 1746 1480 1797 Iosephus
1503 1747 1563 1793 113,
1584 1747 1619 1792 4,
1644 1746 1680 1791 5,
1703 1751 1907 1796 postquam

114 1815 284 1854 narravit
314 1828 566 1867 congressum
599 1815 770 1855 Caesaris
802 1822 839 1855 et
870 1815 1032 1854 Herodis
1056 1815 1260 1866 Aquileiae,
1294 1828 1370 1866 quo
1402 1815 1547 1854 scilicet
1577 1816 1774 1865 Augustus
1806 1815 1910 1853 venit

114 1883 249 1922 eodem
281 1897 381 1923 anno
413 1884 609 1924 Tiberium
642 1884 730 1923 inde
761 1884 805 1923 ad
844 1884 985 1923 belluni
1018 1884 1281 1923 Pannonicum
1322 1883 1520 1922 dimittens
1553 1886 1614 1931 tcl'.
1646 1882 1713 1921 Dio
1752 1883 1817 1929 54,
1841 1882 1911 1929 31;

115 1951 274 1992 Sueton.
297 1955 392 2005 Aug.
416 1954 498 2002 20),
531 1960 737 2004 antequam
769 1960 940 2005 exponut
970 1954 1015 1993 de
1046 1953 1307 1992 aedificatione
1340 1951 1468 2003 oppidi
1499 1953 1703 1991 Caesareae
1736 1950 1910 1990 absoluta

113 2033 145 2060 a.
170 2022 248 2061 743
272 2022 355 2073 (16,
379 2023 415 2070 5,
441 2024 492 2071 1),
525 2023 616 2062 haec
651 2023 881 2074 interponit:
929 2018 974 2062 ἐν
1019 2021 1065 2062 δὲ
1116 2028 1206 2068 ῑαῖς
1254 2018 1450 2073 ὖσιέραις
1499 2018 1675 2074 ἡμέραις
1716 2015 1911 2072 Ἡρώδης

114 2087 318 2143 ἐδωρεῖτο
353 2092 553 2143 Καίσαρα
585 2093 853 2144 τριακοσίοις
887 2089 1128 2138 ιάλάνιοις,
1162 2091 1271 2136 θέας
1310 2104 1351 2128 τε
1384 2090 1451 2128 καὶ
1498 2086 1713 2141 διανομάς
1752 2085 1910 2126 ποιού-

114 2173 244 2210 μενον
282 2160 342 2214 τῷ
375 2155 601 2212 Ῥωμαίων
638 2158 775 2213 δήμῳ.
837 2159 908 2198 [bi
944 2173 1021 2199 11011
1066 2158 1233 2209 intellegi
1272 2170 1413 2197 munus
1451 2157 1718 2209 gladiatorium
1760 2157 1907 2195 editum

114 2226 160 2265 ab
190 2227 364 2279 Augusto
404 2228 571 2267 filiorum
612 2229 769 2268 nomine
809 2228 1125 2279 quinquatribus,
1164 2228 1202 2266 id
1241 2232 1299 2265 est
1339 2226 1398 2265 die
1438 2226 1546 2265 Mart.
1576 2227 1622 2264 15)
1654 2239 1687 2264 a.
1712 2225 1790 2264 742
1824 2224 1908 2274 (Dio

114 2295 179 2343 54,
201 2295 284 2345 28),
322 2297 424 2348 quod
457 2297 661 2349 Zumptius
702 2296 774 2336 sibi
806 2298 1008 2349 persuasit,
1046 2297 1133 2336 inde
1171 2295 1374 2347 colligitur,
1419 2294 1521 2346 quod
1566 2294 1602 2333 id
1649 2307 1775 2345 neque
1818 2306 1907 2332 cum

114 2363 299 2404 divisione
331 2366 406 2405 ulla
437 2367 689 2406 coniunctum
721 2366 794 2405 fuit
831 2373 868 2406 et
906 2367 1052 2406 editum
1092 2373 1151 2405 est
1181 2364 1345 2416 Agrippa
1383 2365 1466 2403 vivo
1499 2363 1583 2413 (Dio
1615 2363 1638 2401 l.
1660 2364 1722 2415 c.).
1784 2363 1906 2401 11111110

115 2432 293 2484 cogitavit
337 2434 524 2486 Iosephus
570 2436 616 2474 dc
662 2434 937 2486 quadringenis
983 2435 1183 2481 sestertiis,
1230 2433 1296 2484 qui
1344 2439 1539 2483 tamquam
1587 2446 1631 2471 ex
1677 2438 1907 2471 testamento

112 2500 301 2554 Agrippae
331 2515 376 2542 eo
407 2515 507 2543 anno
546 2510 634 2556 post
675 2503 775 2543 diem
808 2503 967 2543 11111.26
1000 2503 1098 2555 <dies
1141 2501 1324 2553 congiarii
1363 2501 1440 2541 dati
1478 2501 1517 2539 in
1554 2500 1662 2540 fastis
1700 2500 1905 2552 Ripatran-

115 2570 345 2611 sonensibus
376 2572 593 2624 adscriptus
625 2573 710 2620 fuit,
743 2572 809 2612 sed
839 2571 1049 2624 intercidit)
1081 2571 1223 2624 populo
1255 2570 1449 2609 numerati
1480 2576 1582 2617 sunt,
1616 2576 1653 2609 et
1679 2569 1724 2608 de
1747 2581 1906 2608 munere

114 2637 335 2688 gladiatorio
364 2639 612 2680 inhonorem
636 2640 823 2692 Agrippae
852 2640 1023 2679 defuncti
1054 2640 1185 2679 statim
1217 2639 1298 2678 sine
1330 2638 1446 2677 dubio
1479 2638 1682 2690 promisso,
1716 2638 1782 2676 sed
1804 2637 1905 2676 edito

112 2718 145 2744 a.
177 2706 334 2747 demum
358 2709 437 2747 747
460 2708 546 2759 (Dio
569 2710 634 2756 55,
658 2708 711 2759 S),
744 2709 888 2749 scilicet
919 2706 1466 2762 procrastinatisspectaculis
1497 2712 1657 2759 propter
1678 2712 1902 2758 apparatum

112 2774 292 2815 ludorum
323 2776 482 2828 longum
514 2783 552 2816 et
582 2777 802 2817 molestum.

244 2902 268 2943 ¹)
296 2903 471 2944 Bergkium
521 2908 722 2936 statuentem
770 2904 866 2936 ludos
914 2903 1020 2936 factos
1067 2913 1141 2935 esse
1183 2903 1222 2935 ab
1266 2903 1415 2944 Augusto
1460 2913 1488 2934 a.
1526 2902 1586 2934 742
1632 2901 1670 2932 ob
1715 2906 1902 2944 susceptum

114 2959 340 2999 pontificatum
373 2961 564 3000 maximum,
591 2962 761 2993 erravisse
793 2961 900 3002 igitur
926 2961 1063 2992 Dionem
1097 2970 1137 2992 ex
1170 2965 1369 2992 testamento
1395 2960 1563 3001 Agrippae
1597 2969 1653 2990 eos
1685 2963 1903 3000 repetentem,

113 3013 218 3049 fastos
242 3016 566 3060 Ripatransonenses
598 3019 799 3060 supplendos
832 3029 907 3051 esse
933 3019 997 3049 sic:
1025 3018 1088 3060 [pr.
1114 3028 1187 3049 uon.
1210 3016 1313 3049 Mart.
1337 3019 1416 3052 ium.
1448 3017 1584 3057 Caes-lar
1610 3017 1731 3058 pontg's.
1756 3017 1902 3047 max-im.

113 3073 252 3113 er[eatus
282 3073 376 3106 ludos
411 3077 587 3107 ebrocense-⁹
619 3076 660 3115 et]
693 3078 905 3118 cong-[arima
934 3075 1054 3119 populo
1086 3075 1208 3116 [dedtth
1242 3076 1305 3107 iani
1337 3075 1510 3116 redarguit
1542 3074 1612 3115 ipse
1646 3073 1730 3114 lapis
1757 3073 1901 3105 lectione

115 3131 259 3173 expleta.
