2430 3394
506 121 585 161 120
1302 118 1343 161 V,
1371 120 1415 154 35
1443 120 1486 154 36

497 236 677 288 confecit)
716 242 754 276 et
789 237 1004 289 imperante
1041 236 1196 276 Claudio
1228 236 1466 289 Pomponius
1497 236 1590 275 Mela
1629 249 1716 276 cum
1749 237 1938 278 Baeticam
1972 240 2289 292 Lusitaniamque

496 305 751 357 distinguant,
790 312 968 345 neutram
1009 311 1222 357 agnoscunt
1258 305 1392 344 aetatis
1432 306 1625 356 Augustae
1667 312 1843 346 auctores
1862 306 1908 359 1);
1945 321 2017 348 nec
2053 310 2155 349 tituli
2186 316 2288 349 certa

495 381 721 426 argumenta
752 375 1017 427 suppeditant,
1057 387 1101 412 ex
1133 373 1273 425 quibus
1305 374 1452 413 eluceat
1483 374 1699 426 provincias
1730 388 1792 414 eas
1822 377 1941 416 fuisse
1971 384 2058 417 ante
2090 378 2286 417 Tiberium

497 444 631 492 (Orelli
663 442 790 483 3128:
839 445 906 496 leq.
949 443 1002 483 Ti.
1036 442 1206 481 Caesaris
1245 442 1334 494 Any.
1364 455 1468 494 prov.
1501 443 1667 483 Lusitan.
1700 444 1834 484 collato
1866 446 1904 484 C.
1930 446 1956 484 Ι.
1987 446 2028 485 L.
2054 447 2085 485 ΙΙ
2115 460 2153 486 n.
2176 446 2287 496 473).

493 514 620 559 Quare
650 513 870 559 videndum,
902 524 950 551 ne
982 511 1202 550 ulteriorem
1235 511 1412 551 Tiberius
1445 512 1565 563 magis
1597 525 1712 564 quam
1744 513 1941 565 Augustus
1972 514 2197 567 diviserit2).

624 582 665 621 In
699 581 905 634 provinciis
936 593 1032 631 quae
1063 579 1205 619 absunt
1234 579 1281 618 ab
1313 579 1484 631 Augusto
1515 580 1640 619 nullas
1671 581 1839 621 colonias
1869 582 2052 623 deductas
2081 597 2164 623 esse
2184 590 2288 623 recte

491 664 537 689 ex
567 651 750 690 laterculo
782 649 985 700 colligitur,
1016 660 1088 687 nec
1117 648 1225 687 facile
1257 648 1489 688 coniecturis
1519 650 1780 690 recentiorum
1814 658 1947 691 contra
1978 652 2101 704 ipsius
2124 652 2288 703 Augusti

491 719 687 759 silentium
719 720 827 758 locus
859 717 1004 757 dandus
1037 722 1106 756 est.
1165 716 1324 756 Praeter
1354 717 1566 769 Illyricum,
1604 718 1649 757 de
1680 733 1756 771 quo
1788 720 1964 773 proximo
1995 722 2118 773 capite
2149 721 2285 773 agitur,

490 787 729 840 provinciae,
762 799 858 838 quae
889 786 1101 825 secundum
1134 784 1172 825 id
1201 785 1370 825 colonias
1401 786 1447 825 ab
1477 786 1652 838 Augusto
1685 787 1867 828 deductas
1898 788 2023 828 nullas
2054 789 2284 837 habuerunt,

489 858 558 896 hae
591 859 763 896 fuerunt:

621 924 805 965 Sardinia.
867 923 998 963 Turris
1035 922 1214 963 Libisonis
1252 924 1395 963 colonia
1432 924 1532 964 Iulia
1574 925 1718 976 (geogr.
1747 925 1838 965 Rav.
1869 926 1911 973 5,
1944 925 2016 974 263
2057 928 2104 965 cf.
2133 926 2283 967 Plinius

704 993 741 1031 h.
764 1005 801 1031 n.
825 992 867 1039 3,
907 993 943 1040 7,
976 991 1027 1031 85
1060 998 1098 1031 et
1128 991 1168 1031 C.
1190 992 1217 1030 Ι.
1240 992 1282 1031 L.
1305 992 1338 1031 X
1369 1006 1406 1045 p.
1429 992 1524 1043 826)
1562 993 1658 1033 nihil
1694 994 1855 1046 impedit
1889 995 2099 1046 quominus
2137 995 2284 1035 consti-

704 1067 785 1100 tuta
817 1060 867 1100 sit
897 1073 916 1099 a
948 1060 1108 1100 Caesare
1139 1060 1336 1101 dictatore.

618 1129 757 1169 Galliae
815 1135 894 1169 tres
952 1142 1038 1169 cum
1088 1129 1302 1170 Germaniis
1358 1130 1518 1170 duabus.
1594 1131 1692 1171 Hinc
1743 1132 1861 1184 igitur
1904 1144 2135 1184 magnopere
2188 1145 2283 1172 con-

703 1198 847 1237 iectura
881 1198 1083 1237 adiuvatur
1114 1198 1302 1238 coloniam
1333 1199 1467 1239 Iuliam
1500 1199 1727 1251 Equestrem
1761 1200 1903 1252 (Nyon)
1935 1201 2074 1240 Galliae
2105 1201 2277 1253 Belgicae

702 1279 779 1306 non
812 1267 858 1306 ab
881 1267 1052 1318 Augusto
1084 1268 1285 1308 deductam
1319 1281 1414 1317 esse,
1447 1270 1512 1309 sed
1544 1282 1563 1308 a
1586 1270 1745 1309 Caesare
1767 1269 1964 1309 dictatore.
1986 1292 2039 1297 —-
2061 1269 2139 1308 Nec
2160 1270 2281 1320 magis

700 1336 776 1375 iam
814 1336 943 1375 licebit
972 1336 1165 1388 Augustae
1196 1337 1442 1377 Trevirorum
1481 1338 1540 1377 ius
1579 1338 1748 1377 coloniae
1788 1350 2013 1378 concessum
2054 1343 2141 1377 ante
2171 1351 2204 1378 a.
2228 1340 2279 1378 70

701 1404 874 1457 (Tacitus
905 1405 994 1445 hist.
1026 1406 1063 1453 4,
1087 1405 1151 1445 62.
1176 1406 1244 1457 72)
1277 1419 1297 1445 a
1327 1406 1453 1459 primo
1483 1407 1657 1458 Augusto
1688 1413 1873 1459 repetere.

615 1473 760 1512 Raetia.

613 1542 812 1582 Noricum.

616 1611 792 1663 Bithynia
823 1617 861 1650 et
890 1611 1052 1650 Pontus.

615 1680 777 1727 Galatia,
818 1680 967 1719 Pontus
999 1679 1209 1727 Galaticus,
1242 1679 1511 1732 Paphlagonia,
1544 1680 1729 1733 Phrygiae
1760 1694 1860 1733 pars,
1893 1681 2092 1733 Lycaonia,
2120 1681 2276 1721 Isauria.

701 1748 897 1788 Coloniam
938 1749 1087 1788 Parlain
1129 1748 1293 1788 Pisidiae
1344 1749 1464 1801 magis
1505 1763 1620 1801 quam
1661 1751 1871 1803 Lycaoniae
1908 1751 2125 1802 Augustum
2164 1750 2275 1790 attri-

697 1817 826 1857 buisse
857 1817 977 1857 videri
1009 1829 1123 1870 supra
1154 1830 1190 1869 p.
1213 1818 1291 1857 119
1322 1818 1623 1858 observavimus.

613 1885 754 1925 Cilicia.

613 1954 773 2006 Cyprus.

613 2022 735 2062 Creta.
797 2023 986 2062 Cnossum
1021 2022 1208 2062 coloniam
1241 2024 1280 2063 in
1312 2024 1435 2063 insula
1458 2025 1569 2064 Creta
1598 2030 1729 2064 notam
1762 2024 1837 2063 iam
1871 2024 2052 2064 Straboni
2083 2025 2165 2076 (10,
2188 2025 2226 2071 4,
2249 2024 2273 2063 9

695 2105 731 2143 p.
754 2093 852 2143 477)
884 2104 1119 2143 quamquam
1151 2092 1265 2132 hodie
1296 2095 1373 2132 fere
1403 2094 1653 2133 consentiunt
1680 2093 1920 2145 (Marquardt
1940 2094 1963 2132 l.
1987 2107 2019 2133 c.
2041 2107 2077 2145 p.
2100 2093 2199 2145 464)
2226 2092 2273 2132 ab

694 2161 868 2212 Augusto
899 2161 1102 2200 deductam
1135 2174 1217 2201 esse
1247 2168 1451 2214 propterea
1482 2162 1585 2214 quod
1616 2162 1684 2201 Dio
1707 2163 1773 2211 49,
1798 2164 1847 2201 14
1879 2175 1968 2202 eum
2000 2162 2132 2202 scribit
2159 2162 2273 2202 Cam-

694 2229 803 2280 panis
843 2242 978 2281 agrum
1008 2230 1047 2268 in
1079 2230 1222 2282 pertica
1255 2230 1506 2271 Cnossiorum
1537 2231 1817 2282 adsignavisse,
1854 2232 1955 2271 idem
1993 2233 2117 2271 facere
2146 2230 2274 2283 potuit

695 2298 842 2337 colonia
874 2299 1033 2338 deducta
1062 2311 1082 2337 a
1103 2306 1211 2351 patre
1233 2300 1442 2351 disponens
1464 2300 1515 2340 ita
1538 2300 1583 2339 de
1604 2312 1693 2351 agro
1716 2300 1886 2340 coloniae
1907 2300 2059 2348 relict03
2090 2306 2129 2339 et
2149 2299 2273 2339 obstat

694 2367 832 2418 origini
861 2367 907 2406 ab
937 2368 1111 2419 Augusto
1144 2368 1340 2417 deductae,
1372 2369 1474 2421 quod
1503 2369 1541 2408 in
1570 2380 1732 2409 nummo
1754 2381 1878 2420 nuper
1898 2368 2046 2422 prolato
2067 2367 2271 2407 libertinus

611 2491 638 2531 ¹)
670 2491 794 2523 verum
827 2496 878 2524 est
909 2492 994 2534 apud
1020 2492 1153 2525 Livium
1185 2493 1254 2534 legi
1282 2494 1335 2535 28,
1353 2495 1393 2525 2:
1426 2495 1559 2526 Poenus
1590 2504 1666 2525 cum
1690 2495 1804 2524 castra
1827 2493 2014 2535 tzzmsorte
2037 2491 2084 2524 ad
2104 2493 2271 2524 sociorum

475 2549 607 2580 animos
637 2550 670 2580 1ίη
697 2548 835 2581 Baetica
867 2549 1079 2582 continendos
1103 2552 1137 2582 in
1158 2550 1231 2592 fide
1256 2552 1413 2592 haberet,
1447 2557 1481 2583 at
1506 2552 1609 2583 verba
1634 2553 1667 2582 in
1695 2549 1832 2582 Baetica
1857 2560 1894 2581 eo
1922 2561 1984 2592 quo
2011 2550 2169 2591 leguntur
2194 2550 2268 2581 loco

476 2603 560 2637 ferri
593 2616 688 2647 posse
715 2611 836 2646 negant
861 2607 1015 2639 Dukerus
1041 2612 1075 2639 et
1099 2607 1291 2648 Madvigius
1317 2613 1429 2649 recte,
1465 2608 1730 2650 crediderimque
1755 2617 1792 2639 ea
1820 2618 1881 2639 non
1909 2608 2156 2649 transponenda
2182 2617 2268 2647 esse,

475 2663 532 2694 sed
559 2663 699 2695 delenda
724 2668 839 2706 utpote
857 2664 1027 2706 adscripta
1044 2665 1085 2696 ad
1103 2665 1372 2707 antiquissimum
1389 2665 1515 2697 hiatum
1535 2664 1743 2707 explendum.
1788 2664 1871 2697 Nam
1889 2665 1982 2697 nullo
1999 2665 2073 2696 loco
2093 2668 2269 2707 praeterea

475 2730 533 2761 pro
560 2720 725 2752 ulteriore
751 2721 911 2763 Hispania
935 2721 1103 2753 Baeticam
1129 2721 1248 2754 Livius
1274 2722 1407 2754 videtur
1433 2733 1622 2765 usurpasse.

605 2778 630 2817 ²)
657 2778 906 2820 Marquardtius
924 2778 1253 2822 Staatsoervzvaltng
1280 2779 1312 2812 1²
1330 2791 1359 2822 p.
1378 2779 1441 2812 253
1467 2780 1552 2822 quod
1579 2781 1733 2822 opposuit
1758 2780 1804 2812 ita
1829 2779 1986 2812 Straboni
2012 2780 2051 2811 de
2077 2789 2162 2812 nova
2180 2779 2268 2812 divi-

473 2834 567 2866 sione
600 2835 726 2877 aliquid
756 2835 977 2867 adnotandum
1008 2835 1113 2868 fuisse
1145 2847 1208 2867 non
1240 2836 1377 2868 multum
1404 2836 1560 2879 ponderis
1586 2836 1701 2877 habet,
1734 2847 1805 2869 cum
1830 2836 2031 2878 praesertim
2057 2835 2265 2878 aliquatenus

473 2896 564 2923 certe
589 2892 709 2924 Strabo
741 2903 811 2925 rem
842 2898 957 2934 tangat
987 2894 1025 2925 de
1051 2893 1224 2926 Lusitania
1256 2894 1469 2926 adscribens:
1500 2893 1648 2926 καλοῦσι
1680 2891 1750 2936 γὰρ
1777 2890 1866 2926 οὕτω
1890 2891 1954 2935 τὴν
1978 2888 2108 2937 χώραν
2138 2890 2266 2933 ταύτην

472 2947 571 2984 ἰδίως
595 2948 633 2982 ἓν
657 2950 707 2992 τῷ
734 2945 905 2993 παρόντι.
947 2950 1045 2982 Certe
1071 2951 1157 2993 quod
1182 2952 1252 2993 ipse
1276 2951 1402 2983 conicit
1427 2956 1567 2994 utraque
1586 2952 1744 2993 Hispania
1768 2951 1957 2992 significari
1980 2961 2043 2983 non
2070 2950 2262 2983 citeriorem

472 3010 506 3037 et
519 3006 726 3048 ulteriorem,
741 3008 797 3040 sed
812 3007 1064 3050 imperatoriam
1078 3013 1206 3051 partem
1221 3014 1254 3040 et
1270 3009 1484 3050 senatoriam,
1499 3009 1670 3041 constanti
1683 3014 1837 3041 veterum
1852 3008 2084 3040 consuetudini
2099 3010 2262 3050 repugnat

472 3067 504 3094 et
530 3063 614 3095 male
640 3064 834 3097 obtruditur
858 3066 989 3097 auctori
1015 3066 1179 3098 sermonis
1207 3076 1267 3097 non
1295 3076 1438 3098 summae
1464 3067 1663 3108 elegantiae,
1688 3066 1744 3097 sed
1772 3066 1881 3098 iustae
1905 3065 2135 3108 proprietatis.
