2430 3394
509 170 563 211 36
1317 167 1366 210 II,
1393 168 1482 202 2-5

507 286 638 326 haberi
669 298 746 325 non
778 285 953 333 debeant,
991 298 1224 337 quamquam
1264 285 1346 336 ipse
1386 285 1474 324 alibi
1509 283 1749 332 (staatsrecht
1778 284 1815 332 2,
1839 285 1936 336 905)
1979 285 2107 325 habui.
2167 285 2291 324 Immo

507 355 612 407 prior
642 361 680 394 et
708 355 835 407 potior
866 358 970 404 (nam
1003 355 1118 394 altera
1149 366 1285 406 parum
1317 354 1494 392 effectum
1526 366 1611 392 esse
1641 352 1722 405 ipse
1743 353 1812 393 Dio
1835 354 2037 405 significat)
2061 354 2143 393 sine
2174 353 2291 393 dubio

506 436 594 475 pars
626 429 685 463 est
715 424 938 474 gravissima
960 436 1091 462 earum
1115 434 1257 469 rerum,
1289 434 1384 473 quas
1405 427 1449 461 ut
1468 422 1664 472 Augustus
1686 422 1897 474 perficeret,
1930 428 2085 462 senatus
2106 422 2141 461 ei
2160 435 2193 461 a.
2211 422 2290 461 735

506 498 545 531 et
575 492 655 531 736
686 505 817 531 curam
850 493 976 543 legum
1009 504 1241 542 morumque
1272 490 1411 529 obtulit
1441 503 1613 541 quasque
1645 503 1734 529 mox
1758 490 1962 530 tribunicio
1983 492 2066 531 iure
2087 497 2292 531 contentus
2317 490 2325 506 ¹·

504 562 664 613 perfecit
680 561 782 613 (vide
804 573 919 612 supra
940 573 976 611 p.
995 559 1084 610 28);
1106 572 1230 610 neque
1252 559 1286 598 ei
1308 559 1469 610 gestioni
1487 560 1587 598 solae
1609 559 1712 610 leges
1727 560 1822 598 latae
1844 560 2053 610 sufficiunt,
2076 560 2140 599 sed
2163 560 2292 611 requi-

506 629 606 669 ritur
634 630 726 669 item
758 642 912 669 morum
944 624 1131 667 correctio
1162 628 1287 679 aliqua
1317 627 1478 679 insignis
1500 633 1538 667 et
1560 641 1701 667 severa.
1743 628 1875 679 Itaque
1907 629 1974 667 has
2006 629 2101 668 duas
2132 634 2290 668 senatus

504 698 687 737 lectiones
724 710 756 737 a,
780 698 859 736 736
897 702 934 735 et
966 697 1044 735 757
1084 695 1149 746 qui
1190 695 1290 734 inter
1327 702 1403 735 tres
1442 703 1638 744 numerat,
1679 702 1823 736 statuat
1858 709 2015 736 necesse
2053 703 2112 736 est
2150 709 2289 736 census

504 767 635 819 populi
676 779 708 807 a.
732 767 811 804 746
843 771 880 804 et
912 765 990 803 767
1029 764 1072 803 ad
1114 770 1289 804 senatum
1332 778 1408 804 non
1449 766 1680 816 pervenisse.
1741 764 1858 815 Magis
1899 770 2026 804 tamen
2064 765 2290 804 crediderim

504 848 591 874 cum
632 835 756 874 tribus
792 833 970 873 censibus
1008 846 1039 871 a.
1065 832 1156 871 726.
1190 833 1282 872 746.
1317 833 1396 872 767
1435 839 1512 873 tres
1550 840 1707 873 senatus
1746 833 1930 873 lectiones
1962 833 2158 872 institutas
2189 846 2291 881 esse3

503 916 592 943 nam
632 903 799 954 legitime
837 907 990 941 senatus
1030 901 1142 940 lectio
1179 914 1220 940 re
1262 907 1381 949 certe,
1420 915 1656 953 quamquam
1694 915 1771 941 non
1809 902 1893 941 iure
1931 915 2019 954 pars
2056 908 2114 941 est
2152 915 2292 941 census

503 972 633 1024 populi
664 971 826 1010 Romani
858 970 1101 1021 (Szaacsrecht
1131 970 1182 1007 22
1209 984 1245 1021 p.
1270 971 1366 1019 415)
1397 984 1564 1022 eumque
1595 971 1789 1022 praecedit
1816 971 1855 1020 (l.
1879 983 1910 1009 c.
1933 984 1968 1023 p.
1993 970 2103 1021 415),
2137 971 2293 1010 suadet-

504 1054 578 1092 que
609 1041 711 1079 idem
744 1052 839 1090 quae
872 1040 911 1078 in
933 1039 1057 1078 indice
1080 1039 1209 1078 statim
1233 1038 1409 1090 sequitur
1430 1040 1549 1079 trium
1572 1052 1759 1079 censuum
1782 1040 1893 1091 plena
1914 1039 2116 1078 enarratio.
2168 1039 2291 1086 Quam

504 1111 551 1149 ob
588 1122 670 1148 rem
709 1108 914 1148 verisimile
956 1114 1015 1147 est
1044 1108 1261 1158 Augustum
1295 1121 1326 1147 a.
1351 1108 1431 1147 736
1463 1115 1501 1147 et
1532 1110 1611 1147 757
1652 1114 1829 1147 senatum
1870 1108 1921 1147 ita
1958 1120 2161 1160 purgasse,
2193 1113 2237 1147 ut
2272 1120 2292 1146 a

501 1179 672 1230 legitimo
708 1183 863 1217 senatus
901 1176 1051 1228 legendi
1087 1177 1271 1216 vocabulo
1307 1177 1535 1224 abstineret,
1572 1178 1642 1216 hos
1678 1182 1805 1216 autem
1838 1189 2021 1216 recensus
2052 1182 2157 1216 extra
2189 1176 2293 1215 ordi-

502 1260 590 1286 nem
623 1249 742 1286 sactos
774 1246 813 1285 in
845 1245 968 1285 indice
1000 1245 1242 1297 praeteriisse
1273 1251 1430 1298 propter
1461 1246 1592 1285 odium
1624 1246 1711 1285 inde
1742 1251 1979 1297 generatum.

605 1448 688 1474 [ΛΤ.
712 1434 787 1481 2,2
826 1440 864 1473 et
902 1434 944 1472 In
982 1433 1182 1473 consulatu
1224 1440 1331 1473 sexto
1371 1433 1531 1473 censum
1572 1434 1705 1486 populi
1742 1434 1895 1485 conlega
1934 1433 1982 1472 M.
2014 1433 2176 1485 Agrippa
2219 1432 2290 1484 egi.

770 1516 785 1541 3
823 1506 845 1551 ξ
872 1501 877 1555 Ι
905 1503 1087 1541 Lustrum
1127 1509 1214 1553 post
1254 1515 1398 1541 annum
1441 1504 1605 1542 alterum
1649 1508 1687 1541 et
1723 1502 2087 1554 quadragensimum
2124 1502 2238 1552 sec[z‘].
2270 1504 2292 1549 ξ

771 1585 787 1611 4
824 1573 909 1618 Quo
940 1572 1062 1610 lustro
1105 1570 1256 1621 civilum
1295 1572 1559 1610 Romanorum
1599 1584 1711 1610 censa
1752 1576 1843 1609 sunt
1880 1570 2001 1621 capita
2040 1570 2292 1621 quadragiens

769 1654 784 1679 5
823 1646 978 1679 centurn
1013 1640 1130 1679 millia
1163 1646 1201 1679 et
1232 1641 1467 1691 sexassg[i]nta
1500 1640 1569 1678 tria
1600 1639 1728 1678 millia.
1762 1639 1807 1688 [ξ]

502 1723 560 1748 GR.
584 1711 621 1756 4,
647 1721 728 1748 1011
752 1721 785 1747 12
814 1706 962 1748 Ἕκτον
998 1704 1175 1756 ἱῖπαζτος
1214 1708 1289 1761 τὴν
1333 1706 1650 1761 ἆπ[ο]τείμησιν
1697 1707 1772 1746 τοῦ
1808 1705 1946 1760 δήμου
1985 1704 2292 1760 συνάρχονξ[τ]οι

754 1790 783 1816 13
822 1775 936 1827 ἔχων
975 1774 1158 1828 ΖΙῙάρκον
1188 1772 1437 1828 Ἀγρίππαν
1474 1775 1654 1827 ἔλαβον,
1696 1772 1788 1829 ἥτις
1820 1772 2147 1828 ἀπο“[τείμη]σις
2186 1775 2293 1827 μετὰ

752 1858 783 1884 14
822 1843 1042 1896 [δεύτερον]
1085 1843 1430 1897 τεσσαρακοσῑόν
1475 1842 1688 1895 ἓνιαυῙτὸν
1735 1843 2086 1897 [σ]υν«<[κ]λείσθη.
2152 1839 2223 1884 Ἐν
2267 1839 2292 1899 ᾗ

752 1927 783 1953 15
823 1910 1109 1966 ἇποτειμήσει
1138 1909 1360 1964 Ῥωμαίων
1386 1912 1390 1965 Ι
1418 1909 1750 1965 ἕτει[μήσ]αῐντο]
1785 1909 1970 1965 κεφαλαὶ
2000 1910 2290 1965 τετρακόῙσιαι

752 1996 784 2022 16
823 1980 1052 2035 ἑξήκονῇτα
1082 1979 1301 2034 avspicia&
1331 1980 1404 2020 καὶ
1434 1981 1697 2034 τρισχίλιοι].

500 2070 542 2108 In
575 2068 763 2121 principio
795 2068 1021 2108 Latinorum
1054 2075 1087 2107 et
1117 2068 1303 2115 abundat,
1334 2080 1402 2118 ego
1441 2068 1557 2109 deleri
1597 2068 1705 2115 iussi,
1747 2067 1933 2119 Bergkius
1974 2067 2170 2120 transponi
2201 2073 2289 2119 post

500 2140 566 2189 egli.
612 2138 654 2176 In
686 2138 838 2177 Graecis
868 2138 991 2177 adhuc
1020 2137 1204 2175 edebatur
1235 2134 1402 2185 ἐγένετο
1434 2150 1502 2188 pro
1533 2150 1577 2176 eo
1609 2137 1711 2188 quod
1742 2143 1800 2176 est
1831 2135 2132 2190 συνεκλείσθη,
2155 2137 2289 2176 defue-

500 2212 669 2257 runtque
701 2213 870 2245 extrema
902 2206 990 2244 inde
1022 2219 1042 2244 a
1073 2203 1273 2257 κεφαλαί.

632 2274 685 2313 De
725 2275 904 2313 censibus
941 2274 988 2313 ab
1018 2274 1190 2324 Augusto
1226 2273 1320 2312 actis
1357 2286 1444 2312 cum
1479 2274 1665 2313 sinceram
1698 2280 1737 2313 et
1766 2274 2033 2313 intemeratam
2066 2274 2288 2313 relationem

503 2343 542 2381 in
574 2342 701 2382 indice
731 2342 852 2394 ipsius
882 2343 1106 2389 habeamus,
1138 2355 1216 2381 non
1249 2342 1459 2381 omittenda
1492 2348 1583 2381 sunt
1613 2356 1709 2394 quae
1740 2343 1785 2381 de
1806 2343 1852 2381 iis
1874 2343 2029 2381 annales
2051 2343 2292 2382 tradiderunt

501 2411 643 2462 quique
674 2424 719 2450 ex
749 2411 951 2450 annalibus
982 2411 1163 2463 pendent,
1195 2411 1374 2462 quoniam
1408 2411 1554 2450 faciunt
1583 2411 1630 2450 ad
1650 2411 1791 2450 iustam
1813 2417 2014 2450 auctorum
2037 2410 2290 2450 existimatio-

500 2493 603 2518 nem.
672 2480 720 2519 Et
759 2480 967 2519 Suetonius
1005 2480 1160 2530 quidem
1205 2480 1307 2530 quod
1345 2479 1478 2518 scribit
1514 2492 1544 2518 c.
1569 2479 1642 2518 27:
1681 2483 1815 2531 recepit
1853 2487 1887 2519 et
1921 2492 2072 2519 morum
2101 2479 2291 2531 leyumque

500 2552 666 2600 regimen
696 2580 703 2588 .
725 2579 733 2586 .
754 2579 762 2588 .
790 2556 1032 2600 perpetuum;
1063 2560 1132 2600 quo
1161 2551 1255 2589 iure.
1278 2561 1506 2600 quamquam
1525 2551 1601 2587 sine
1622 2561 1800 2588 censurae
1820 2549 1968 2593 honore,
1999 2561 2148 2588 censum
2168 2555 2291 2588 tamen

498 2618 631 2668 populi
659 2624 715 2656 ter
745 2620 815 2669 egit
840 2620 1007 2669 primum
1038 2630 1082 2655 ac
1112 2619 1264 2656 tertium
1295 2629 1379 2655 cum
1410 2617 1558 2668 collega,
1589 2618 1749 2656 medium
1779 2616 1892 2664 solus,
1924 2616 2080 2668 dempto
2101 2616 2290 2668 principio

502 2685 548 2724 de
587 2698 677 2725 cura
715 2686 862 2737 legum,
908 2698 1023 2736 quam
1066 2697 1181 2736 supra
1224 2684 1391 2723 vidimus
1431 2684 1647 2736 Augustum
1691 2685 1951 2732 recusavisse,
1991 2697 2124 2724 verum
2164 2685 2289 2732 tradit,

501 2754 691 2805 pendens,
730 2761 773 2794 ut
804 2754 971 2801 videtur,
1004 2767 1048 2792 ex
1080 2754 1163 2805 ipso
1195 2753 1332 2792 indice.
1394 2752 1443 2791 At
1472 2753 1583 2805 longe
1613 2755 1683 2793 alia
1713 2754 1810 2793 ratio
1842 2759 1900 2792 est
1929 2753 2072 2792 Dionis.
2128 2752 2226 2792 Eum
2258 2751 2291 2791 si

503 2822 714 2873 sequimur,
736 2823 933 2873 Augustus
962 2822 1130 2874 primum
1156 2821 1287 2873 populi
1309 2834 1467 2860 censum
1492 2822 1567 2873 egit
1588 2835 1656 2874 per
1677 2836 1709 2862 a.
1733 2823 1826 2861 725.
1851 2822 1930 2861 726
1953 2822 2034 2871 (52,
2057 2821 2123 2860 42.
2146 2821 2210 2868 53,
2236 2820 2288 2871 1),

502 2889 643 2928 iterum
688 2904 721 2929 a.
754 2890 832 2929 735
879 2903 953 2930 una
991 2904 1078 2929 cum
1125 2903 1215 2929 cura
1246 2891 1370 2941 legum
1403 2896 1631 2941 potestatem
1663 2892 1876 2930 censoriam
1910 2890 1948 2929 in
1980 2888 2287 2941 quinquennium

504 2958 649 3010 recepit
679 2960 761 3009 (54,
799 2960 868 2998 10:
917 2957 1177 3011 ἐπιμελητής
1217 2973 1262 2998 τε
1300 2960 1385 2999 τῶν
1420 2957 1594 3012 τρόπων
1632 2958 1675 3006 ἐς
1715 2961 1844 3000 πέντε
1883 2957 1951 3012 ἔτη
1990 2956 2290 3011 παρακληθεὶς

503 3024 878 3080 ὸίεχειροιονήθη,
925 3024 999 3066 καὶ
1045 3026 1121 3080 τὴν
1158 3026 1360 3073 ἐξουσίαν
1395 3027 1472 3081 τήν
1509 3027 1587 3080 μὲν
1625 3028 1709 3068 τῶν
1745 3028 1933 3081 τιμητῶν
1969 3025 2011 3073 ἐς
2049 3025 2125 3066 τὸν
2160 3021 2291 3064 mizon}

504 3092 657 3145 χρόνον
687 3126 695 3134 .
716 3125 724 3134 .
743 3126 751 3134 .
770 3127 780 3136 .
812 3094 1000 3148 ἔλαβεν),
1043 3095 1195 3135 tertium
1235 3110 1267 3135 a.
1293 3096 1372 3135 742
1410 3098 1471 3148 (eo
1510 3096 1611 3137 enim
1656 3102 1801 3149 spectat
1837 3095 1939 3147 quod
1976 3094 2109 3134 scribit
2139 3094 2203 3140 54,
2235 3092 2287 3132 28
