2430 3394
501 157 556 198 30
1295 154 1322 195 Ῐ,
1349 155 1392 189 37
1403 155 1486 189 —39

500 274 655 314 annales
695 273 760 324 qui
799 278 1008 325 supersunt
1046 285 1122 312 non
1164 272 1352 324 aperiunt.
1427 271 1455 310 E
1502 272 1694 310 contrario
1735 285 1810 323 quo
1848 279 1994 324 spectet
2031 273 2068 312 id
2099 272 2201 324 quod
2232 272 2285 311 ait

499 343 695 394 Augustus
727 348 914 394 potestate
945 342 1148 380 tribunicia
1179 353 1292 380 usum
1325 340 1496 379 effecisse
1527 352 1579 387 se,
1612 340 1795 391 quidquid
1829 348 1984 381 senatus
2007 353 2074 393 per
2094 341 2282 380 honorem

498 411 607 450 illum
644 424 781 464 parum
822 410 970 450 civilem
1012 410 1109 449 ellici
1149 410 1350 455 voluisset,
1398 408 1490 447 satis
1530 408 1734 448 declarant.
1802 409 1896 448 Nam
1936 423 2033 462 opus
2071 421 2154 449 esse
2195 421 2283 448 cum

502 492 653 518 morum
686 479 923 518 correctione
954 485 1035 517 tuin
1069 477 1176 516 novis
1207 477 1353 527 legibus
1384 489 1471 515 611111
1505 482 1660 515 senatus
1691 476 1916 525 censuisset,
1948 478 2017 517 Dio
2044 477 2215 530 primum
2237 477 2285 516 ad

498 548 625 600 ipsum
658 560 690 586 a.
714 547 792 585 735
825 553 953 585 narrat
983 553 1158 585 senatum
1180 545 1327 596 legibus
1349 546 1394 584 ab
1426 546 1598 596 Augusto
1631 546 1795 585 ferendis
1826 558 1968 585 nomen
1999 546 2074 585 iam
2107 552 2191 585 tum
2221 545 2285 586 in-

500 616 641 655 didisse
672 616 931 666 Augustarum
969 620 1006 653 et
1036 615 1075 653 in
1106 628 1168 653 eas
1198 621 1373 666 paratum
1407 614 1525 653 fuisse
1556 614 1681 653 iurare
1713 612 1828 665 (τοὺς
1869 611 2025 667 νόμους
2058 613 2153 661 τοὺς
2183 628 2286 667 γρα-

500 685 772 738 φησομένους
802 680 873 722 ’ὑπ’
896 679 1027 721 mito?
1048 677 1331 732 Αὖγούστους
1352 681 1525 722 ἐκεῖθεν
1548 681 1625 736 ἤδη
1648 681 1973 736 προσηγόρευον
1994 682 2063 722 καὶ
2088 681 2287 736 ἐμμενεῖν

500 755 656 806 σφίσιν
687 749 842 804 ὀμόσαι
880 748 1068 803 ἤθελον),
1103 751 1238 790 deinde
1269 765 1301 790 a.
1326 751 1404 791 736
1437 752 1519 803 (54,
1554 752 1620 799 16)
1652 751 1753 802 leges
1783 752 1876 790 latas
1909 764 2005 800 esse,
2036 763 2133 803 quae
2163 751 2287 790 ambi-

501 827 583 861 tum
614 821 721 859 illum
753 819 920 869 aliasque
951 831 1083 870 pravas
1115 820 1414 859 consuetudines
1438 821 1625 866 tollerent,
1657 820 1702 858 de
1724 820 1883 867 ambitu,
1916 820 2210 872 sumptuariam,
2242 820 2287 859 de

501 889 723 929 maritandis
763 887 975 926 ordinibus.
1037 888 1108 926 Eae
1149 889 1250 939 leges
1289 902 1376 928 611111
1415 889 1461 927 ab
1498 889 1581 940 ipso
1611 888 1864 928 nominentur
1895 896 1933 928 et
1962 896 2163 941 propterea
2194 901 2288 928 con-

499 964 575 997 stet
605 970 683 996 non
716 970 783 1008 per
810 957 902 995 alios
927 969 989 995 eas
1011 963 1161 1007 rogatas
1183 970 1278 1004 esse,
1312 957 1508 1009 plebiscita
1540 956 1683 995 fuerint
1705 970 1860 996 necesse
1883 964 1940 996 est
1962 959 2034 997 lata
2056 958 2139 997 iure
2162 957 2288 997 tribu-

499 1026 617 1065 niciae
656 1025 876 1077 potestatis,
915 1025 951 1063 id
992 1025 1093 1076 quod
1131 1025 1284 1064 aliunde
1321 1038 1474 1077 quoque
1506 1026 1758 1065 confirmatur
1788 1025 2031 1077 (Staatsrechc
2062 1026 2085 1064 2
2117 1039 2153 1078 p.
2176 1026 2287 1077 846).

499 1094 647 1146 Corpus
684 1099 812 1133 autem
854 1093 979 1144 legum
1023 1093 1203 1133 Iuliarum
1236 1094 1327 1133 anni
1364 1094 1611 1146 potissimum
1654 1094 1732 1133 736
1764 1095 2022 1134 decemvirum
2061 1107 2113 1134 xn
2151 1094 2288 1134 tabulis

499 1162 760 1213 Corneliisque
806 1162 953 1213 legibus
999 1162 1193 1201 dictatoris
1241 1163 1367 1202 Sullae
1412 1163 1495 1201 iure
1541 1162 1755 1214 meritoque
1801 1170 2067 1215 comparatur,
2116 1175 2288 1215 quasque

501 1232 632 1271 laudes
655 1233 852 1282 Augustus
884 1231 945 1269 hic
976 1231 1056 1282 ipse
1087 1231 1159 1270 sibi
1191 1232 1336 1278 tribuit,
1369 1231 1513 1283 posteri
1544 1244 1697 1282 quoque
1728 1238 1828 1271 ratas
1860 1233 2090 1271 habuerunt.

629 1300 874 1339 Publicorum
908 1312 1062 1339 morum
1094 1302 1384 1345 correctionem,
1417 1313 1512 1351 quae
1544 1306 1675 1351 postea
1697 1313 1849 1351 quoque
1871 1314 1958 1352 pars
1981 1313 2100 1352 eaque
2122 1300 2289 1339 maxima

502 1370 645 1408 mansit
676 1382 854 1408 curarum
888 1369 1072 1421 principis
1103 1370 1330 1417 (Suetonius
1361 1370 1442 1408 Tib.
1468 1369 1519 1407 42
1542 1371 1588 1407 cf.
1613 1368 1686 1416 33,
1718 1369 1873 1408 Tacitus
1895 1382 1982 1408 ann.
2006 1369 2042 1415 2,
2076 1369 2158 1419 33),
2190 1381 2290 1420 quo-

499 1438 612 1477 modo
644 1439 779 1477 eodeni
814 1443 984 1490 tempore
1015 1438 1210 1489 Augustus
1242 1445 1426 1478 executus
1458 1438 1518 1485 sit,
1552 1450 1640 1476 mox
1672 1437 1820 1476 dicetur
1851 1439 1896 1477 ad
1928 1438 1964 1485 2,
1997 1440 2041 1485 13
2072 1450 2160 1477 nam
2193 1449 2289 1489 quae

498 1507 543 1546 de
584 1520 624 1546 ea
666 1519 706 1545 re
747 1506 884 1545 tradita
923 1506 1159 1558 accepimus,
1197 1520 1285 1546 cum
1326 1507 1576 1546 relationibus
1618 1506 1663 1545 de
1695 1512 1851 1544 senatus
1883 1506 2045 1545 lectione
2075 1505 2290 1557 imperante

497 1576 670 1627 Augusto
703 1575 962 1614 contaminata
993 1576 1108 1614 simul
1140 1576 1408 1615 examinentur
1440 1588 1595 1614 necesse
1626 1581 1697 1614 est.

630 1644 773 1682 Rerum
799 1644 843 1682 de
866 1644 1006 1695 quibus
1029 1644 1196 1684 diximus
1220 1645 1403 1684 memoria
1421 1644 1536 1683 etiarn
1554 1644 1591 1682 111
1610 1642 1782 1682 111111111115
1799 1643 2002 1694 reperitur.
2038 1643 2152 1682 Extat
2172 1642 2291 1682 dena—

498 1712 580 1752 rius
602 1712 794 1751 triumviri
816 1712 1018 1751 monetarii
1035 1713 1075 1751 L.
1095 1713 1242 1753 Caninii
1260 1713 1354 1753 Galli
1376 1713 1558 1752 exhibens
1581 1712 1807 1751 subsellium
1826 1719 1864 1751 et
1880 1712 2023 1763 virgam
2042 1712 2291 1751 tribunorum

498 1781 620 1833 plebis
634 1781 663 1832 1)
696 1794 783 1820 cum
816 1781 1074 1833 adscriptione
1105 1783 1293 1833 Λυρκείας
1323 1789 1369 1821 tr.
1396 1789 1472 1833 pot.
1505 1781 1656 1831 (Cohen
1678 1781 1771 1831 Aug.
1796 1794 1832 1819 11.
1856 1780 1969 1832 382),
2001 1793 2116 1832 quem
2139 1780 2291 1820 aliunde

499 1856 650 1889 constat
688 1863 824 1889 cusum
864 1863 946 1889 6556
985 1851 1084 1889 inter
1121 1864 1152 1889 a.
1188 1850 1267 1889 734
1306 1842 1411 1902 (nam
1450 1851 1593 1889 adsunt
1631 1849 1670 1887 in
1710 1850 1792 1889 aliis
1836 1850 2009 1889 eiusdem
2043 1850 2291 1902 magistratus

499 1919 673 1958 nummis
722 1919 827 1970 signa
868 1932 888 1957 a
928 1918 1082 1958 Parthis
1120 1920 1288 1971 recepta)
1326 1926 1363 1958 et
1401 1932 1432 1958 a.
1467 1918 1546 1958 739
1580 1921 1684 1966 (nam
1723 1932 1767 1958 eo
1805 1921 1883 1958 fere
1921 1919 2110 1958 eiusmodi
2140 1917 2293 1958 nummi

498 1988 586 2026 cudi
624 1988 860 2035 desierunt),
897 1989 1084 2027 accedunt
1114 1989 1276 2028 aliorum
1317 1989 1480 2027 duorum
1522 1987 1563 2026 Ρ.
1598 1987 1767 2026 Stolonis
1806 1987 1955 2038 (Cohen
1987 2000 2024 2027 n.
2057 1987 2292 2028 438-440,

499 2056 596 2103 442)
628 2056 801 2095 eiusdem
834 2058 912 2095 fere
943 2057 1076 2096 aetatis
1109 2064 1145 2096 et
1177 2057 1217 2095 L.
1242 2056 1414 2095 Mescinii
1445 2055 1535 2094 Rufi
1568 2055 1761 2094 triumviri
1791 2069 1823 2095 a.
1849 2056 1927 2096 738
1959 2057 2016 2095 vel
2039 2056 2119 2096 739
2141 2056 2292 2107 (Cohen

498 2137 536 2163 n.
570 2125 663 2164 461.
697 2125 794 2175 464)
843 2126 888 2164 ad
941 2132 1055 2178 caput
1095 2126 1257 2177 Augusti
1299 2131 1449 2177 praeter
1491 2124 1812 2163 consuetudinem
1850 2124 2111 2164 adscribentes
2153 2124 2293 2163 Caesar

500 2194 683 2244 Auquscus
725 2194 924 2233 tribunicia
956 2201 1134 2245 potestate
1182 2193 1419 2232 similiterve.
1496 2193 1543 2231 Hi
1583 2194 1734 2232 nummi
1772 2200 1809 2232 et
1848 2193 2039 2246 imprimis
2072 2192 2166 2232 Galli
2203 2204 2292 2231 cum

500 2267 676 2313 tempore
709 2262 800 2300 satis
833 2262 976 2301 distent
1007 2269 1083 2301 tam
1115 2262 1160 2301 ab
1192 2275 1292 2301 anno
1332 2262 1531 2313 potestatis
1565 2262 1789 2300 tribuniciae
1819 2268 1994 2314 acceptae
2027 2273 2142 2312 quam
2165 2260 2212 2299 ab
2235 2272 2292 2307 eo,

498 2343 574 2381 quo
613 2342 740 2369 annua
772 2332 867 2369 facta
900 2337 958 2370 651
990 2331 1088 2379 731,
1127 2331 1208 2370 51116
1240 2331 1356 2370 dubio
1387 2330 1423 2369 id
1455 2331 1650 2369 illustrant
1680 2330 1783 2381 quod
1814 2337 1929 2381 caput
1960 2330 2032 2368 hoc
2063 2328 2200 2367 indicis
2231 2339 2294 2366 ar-

499 2399 599 2450 guit,
645 2399 789 2438 scilicet
841 2412 993 2439 summa
1039 2408 1076 2439 et
1121 2400 1343 2438 difficillima
1388 2399 1538 2450 negotia
1585 2406 1760 2438 recusato
1806 2398 2107 2438 extraordinario
2146 2397 2292 2436 honore

499 2468 715 2519 Augustum
758 2467 925 2507 maxime
962 2480 1029 2520 per
1066 2481 1097 2507 a.
1132 2468 1211 2507 735
1254 2475 1292 2507 et
1333 2467 1413 2508 736
1454 2468 1659 2519 perfecisse
1695 2468 1778 2507 iure
1818 2467 2042 2507 tribuniciae
2077 2464 2291 2519 potestatis.

557 2667 642 2694 LAT.
716 2657 896 2694 erierunt.

558 2667 731 2771 (13.3,1111
757 2734 792 2761 22
827 2721 951 2772 [Κ]αὶ
981 2719 1136 2775 ταύτης
1167 2719 1296 2776 αὗτῆς
1326 2722 1398 2775 τῆς
1429 2719 1558 2775 ἀρχῆς
1586 2720 1590 2774 Ι
1619 2719 1887 2774 συνάρχοντα
1919 2717 2073 2771 [αὐτ]ὸς
2103 2716 2192 2760 ἀπὸ
2222 2719 2293 2773 τῆς

749 2803 783 2830 23
821 2788 1055 2843 συνκλήτου
1088 2788 1327 2842 malcaim
1358 2789 1538 2843 αἰτήσας
1570 2789 1763 2842 [ἔλ]αβον.

502 2877 671 2928 Collegas
711 2878 749 2916 in
790 2876 993 2916 tribunicia
1031 2883 1219 2928 potestate
1249 2877 1446 2928 Augustus
1485 2877 1629 2928 accepit
1668 2876 1838 2928 primum
1870 2875 2075 2928 Agrippam
2107 2874 2147 2913 in
2177 2874 2293 2926 quin-

502 2946 715 2997 quennium
748 2959 849 2985 anno
882 2946 961 2984 736
995 2945 1050 2983 vel
1082 2947 1207 2997 paullo
1235 2953 1323 2998 post
1350 2946 1436 2997 (Dio
1459 2947 1523 2993 54,
1550 2946 1619 2993 123
1652 2945 1779 2984 Vellei.
1803 2944 1839 2992 2,
1863 2945 1938 2992 903
1970 2943 2124 2983 Tacitus
2145 2955 2233 2982 ann.
2255 2941 2292 2989 3,

635 3095 659 3134 ¹)
691 3094 836 3135 Egregie
862 3103 932 3125 eum
960 3103 1120 3125 nummum
1147 3093 1339 3125 illustravit
1365 3092 1564 3133 Borghesius
1590 3103 1660 3135 opp.
1682 3093 1713 3134 2,
1742 3093 1803 3124 122
1819 3102 1885 3135 seq.
