2430 3394
375 136 399 176 6
1170 129 1200 172 I,
1230 129 1365 164 13—15

420 266 479 292 GR.
504 253 538 299 1,
564 264 594 291 19
616 264 651 290 20
689 246 927 303 [Πολέμους
957 247 1029 288 καὶ
1060 248 1168 288 κατὰ
1198 247 1287 301 γῆν]
1321 244 1393 286 καὶ
1422 246 1530 286 κατὰ
1550 243 1787 287 θάλασσαν
1808 246 2071 302 ἒμῳυΗλίους
2092 244 2165 286 καὶ

623 333 654 360 21
694 318 933 369 ἐξωτικοὺς]
946 317 991 357 ἐν
1009 314 1082 370 ὅλῃ
1101 316 1151 374 τῇ
1169 316 1398 369 οἰκουμένῃ
1419 313 1633 365 πολῚλούς
1650 312 1929 369 ἀνεδεξάμην,
1952 311 2167 368 νεικ1ήσας

622 400 658 428 22
693 403 738 427 τε
759 385 933 427 πάντων
950 383 1193 440 ἐφεισάμην
1211 385 1214 430 Ι
1236 384 1332 435 [τῶν
1354 382 1593 437 περιόντων
1610 381 1837 424 πολειτῶν.
1867 383 1935 434 τ]ὰ
1956 383 2080 436 ἔθνη,
2102 374 2168 430 οἷς

624 470 657 497 23
696 453 889 510 ἀσφαλὲς
919 452 970 509 ἦν
1000 450 1278 505 συνΗγνώμην
1305 449 1435 502 ἔχειν,
1471 450 1613 492 ἔσωσα
1635 449 1838 505 μ]οῖλ[λον]
1866 451 1891 506 ἢ
1922 452 2167 505 ἐξέκοψα.ξ

375 528 457 568 Lat.
484 527 533 566 13
565 538 653 566 cum
685 524 917 577 exemplaria
947 523 1018 563 alia
1049 522 1095 561 ad
1124 534 1234 561 arma
1274 521 1481 567 ducerent,
1519 521 1591 560 alia
1621 521 1667 559 ad
1699 521 1806 568 bella,
1840 534 2010 560 marmor
2040 520 2170 561 docuit

377 598 451 636 hoc
482 608 616 635 verum
649 607 745 634 0550.
776 617 830 621 —
864 593 983 651 Terra
1013 599 1047 631 et
1076 594 1179 630 mari
1198 590 1288 629 item
1312 591 1435 629 solum
1459 590 1631 641 vestigiis
1652 590 1767 629 certis
1789 597 1921 642 aptum
1944 596 2014 637 est,
2044 602 2170 641 neque

376 666 421 705 de
452 672 554 704 terra
583 665 751 714 marique
782 660 939 711 cogitari
978 651 1092 699 dehet
1127 671 1252 710 neque
1290 658 1443 697 admitti
1473 671 1563 697 cum
1603 658 1788 698 Cossonio
1827 667 1953 699 terrae
1988 661 2169 710 marique,

376 734 478 785 quod
515 738 709 784 praeterea
747 735 879 769 contra
915 730 1016 779 leges
1055 727 1247 767 sermonis
1285 733 1429 779 peccat.
1461 751 1514 755 —-
1545 728 1690 766 Deinde
1719 729 1888 780 s[uscep2']
1923 727 2010 766 dedi
2047 727 2170 779 spatio

377 808 523 855 aptum,
542 801 750 840 obsecutus
771 797 1024 837 Hirschfeldio
1046 809 1082 848 p.
1099 792 1201 844 254,
1222 797 1407 847 s[ust2'uuz']
1429 809 1497 847 ego
1519 802 1643 843 antea,
1665 797 1816 847 s[edav2']
1832 796 2030 847 Bergkius.
2047 820 2101 824 —
2121 796 2171 834 14

379 872 479 911 inter
516 869 687 908 omuibus
716 872 754 905 et
785 867 923 905 civibus
954 865 1046 916 quid
1076 866 1195 904 suerit
1231 865 1441 915 quaeritur.
1501 865 1674 904 Pertinet
1714 865 1790 903 huc
1826 864 2053 916 praesertim
2084 864 2172 903 Vel-

377 940 474 980 leius
505 938 541 983 2,
565 937 635 976 sc:
667 936 825 974 victoria
855 933 1042 985 (Actiaca)
1072 934 1149 984 fuit
1178 933 1459 973 clementissima
1488 947 1554 972 uec
1593 936 1787 985 quisquam
1822 936 2066 985 iuteremptus
2103 939 2171 979 est;

377 1007 592 1060 paucissimi
618 1003 747 1053 [eiecti]
777 1009 807 1042 et
839 1003 877 1042 hi
904 1005 968 1054 qui
996 1003 1191 1054 deprecari
1219 1002 1366 1052 quidem
1392 1015 1463 1054 pro
1495 1015 1531 1041 se
1560 1013 1638 1041 uon
1668 1004 1903 1045 sustinerent,
1942 1014 2038 1052 quae
2069 1006 2172 1040 recte

381 1078 435 1115 sic
464 1074 615 1112 videtur
645 1070 893 1110 constituisse
915 1070 1168 1123 Kreyssigius,
1201 1083 1290 1109 cum
1322 1084 1341 1109 a
1373 1071 1503 1110 codice
1534 1070 1634 1109 absit
1664 1070 1892 1109 vocabulum
1915 1073 2025 1109 eiecti.
2076 1070 2172 1109 Nam

381 1146 426 1184 de
456 1141 615 1182 victoria
646 1140 797 1179 Actiaca
828 1145 930 1179 certe
961 1140 1019 1178 vel
1050 1139 1217 1178 maxime
1248 1140 1320 1178 hoc
1350 1140 1434 1179 loco
1465 1139 1645 1190 cogitavit
1676 1139 1885 1190 Augustus,
1923 1151 1994 1177 nec
2025 1144 2103 1178 tam
2134 1138 2173 1177 in

380 1215 453 1252 hoc
496 1212 579 1250 1000
624 1208 848 1261 explicando
885 1208 1151 1260 quaerendum
1196 1214 1266 1255 est,
1308 1208 1400 1260 quid
1445 1208 1578 1247 fecerit
1612 1207 1810 1259 Augustus
1850 1207 1982 1259 (quem
2031 1207 2174 1246 multos

380 1281 563 1321 occidisse
594 1283 746 1318 constat
776 1290 854 1316 non
887 1278 1013 1316 solum
1036 1282 1125 1329 post
1144 1290 1312 1328 pugnam
1336 1276 1638 1328 Philippensem,
1670 1290 1703 1315 v.
1726 1276 1998 1315 Drumannum
2024 1277 2057 1322 1,
2080 1275 2173 1322 386,

380 1351 445 1390 sed
477 1348 593 1388 etiam
624 1352 713 1399 post
742 1346 949 1393 Actiacam,
981 1359 1015 1384 v.
1038 1345 1198 1384 Dionem
1233 1346 1298 1392 51,
1322 1346 1345 1383 2
1378 1352 1416 1385 et
1445 1346 1715 1385 Drumannum
1748 1347 1781 1391 1,
1806 1345 1904 1395 485)
1935 1357 2049 1396 quam
2083 1344 2175 1396 quid

381 1420 427 1458 de
458 1431 498 1457 se
529 1415 722 1469 perhiberi
752 1414 927 1454 voluerit.
979 1414 1038 1454 Ob
1069 1415 1229 1453 eandem
1261 1413 1486 1453 clementiae
1518 1414 1685 1466 speciem
1708 1420 1845 1465 quarto
1867 1420 1955 1466 post
1976 1413 2174 1453 victoriam

380 1487 573 1527 Actiacam
612 1497 713 1524 anno
752 1497 788 1523 0.
818 1496 850 1523 0.
881 1483 960 1522 727
998 1483 1174 1533 Augusto
1210 1495 1351 1521 corona
1389 1496 1535 1534 querna
1572 1483 1690 1521 civica
1734 1483 1886 1521 decreta
1929 1488 1989 1521 est
2034 1481 2176 1522 civibus

380 1557 569 1600 servateis,
603 1560 644 1592 ut
674 1552 782 1591 aiunt
811 1552 965 1591 nummi
987 1552 1089 1603 (vide
1110 1552 1210 1591 infra
1232 1552 1268 1599 6,
1297 1553 1343 1591 14
1367 1552 1496 1603 ibique
1518 1551 1728 1602 adnotata).
1780 1551 1952 1602 Denique
1974 1564 2062 1590 cum
2087 1563 2176 1590 mox

380 1626 579 1675 Augustus
611 1621 754 1661 scribat
784 1634 861 1660 non
893 1621 1075 1660 omnihus
1106 1626 1352 1660 externarum
1376 1620 1548 1671 gentium
1572 1620 1731 1671 captivis
1761 1633 1801 1658 se
1823 1619 2052 1672 pepercisse,
2084 1619 2177 1670 quid

381 1699 500 1733 restat
528 1692 603 1731 nisi
634 1692 680 1730 de
710 1689 857 1729 civibus
890 1689 1101 1740 pleniorem
1139 1689 1465 1729 adseverationem
1508 1695 1552 1727 ut
1588 1686 1849 1740 recipiamus?
1908 1688 2040 1740 Itaque
2071 1688 2177 1726 nullo

382 1763 498 1802 modo
529 1760 621 1799 ferri
652 1764 779 1812 potest
808 1759 910 1809 quod
942 1759 1145 1810 proposuit
1167 1758 1388 1797 Chishullus
1420 1771 1587 1809 eumque
1618 1763 1776 1796 secutus
1799 1757 2003 1809 Zumptius
2034 1756 2177 1808 suppli-

382 1833 481 1871 cibus
502 1831 713 1880 eademque
735 1827 924 1867 sententia
947 1828 1230 1878 deprecantibus
1251 1826 1450 1877 Bergkius,
1482 1830 1628 1866 veniam
1647 1827 1853 1878 petentibus
1876 1824 2175 1871 Hirschfeldius3

380 1901 432 1940 ita
463 1900 566 1938 enini
596 1899 794 1948 Augustus
825 1896 897 1934 hoc
928 1895 1021 1934 dicit
1050 1895 1289 1935 interfecisse
1321 1908 1360 1933 se
1392 1895 1628 1946 quicumque
1660 1908 1704 1933 ex
1728 1894 1887 1933 devictis
1911 1899 2076 1932 mortem
2100 1905 2177 1932 non

382 1967 574 2021 deprecati
619 1966 707 2005 sint.
770 1966 897 2016 Longe
943 1964 1085 2004 rectius
1130 1963 1305 2016 procedit
1348 1964 1450 2015 quod
1489 1963 1705 2003 Gronovius
1751 1963 1881 2015 posuit
1920 1963 2178 2014 superstitibus

382 2037 440 2076 vel
477 2036 591 2075 etiam
629 2034 971 2086 superviveutibus3
1012 2046 1100 2072 nam
1149 2032 1315 2085 spatium
1362 2046 1479 2084 capax
1526 2038 1584 2071 est
1628 2032 1845 2071 litterarum
1891 2044 1970 2069 xm.
2045 2030 2178 2081 Neque

383 2105 639 2145 concedemus
671 2103 832 2154 Bergkio
871 2102 1160 2141 Gronovianum
1194 2102 1510 2154 supplementum
1549 2113 1711 2152 prorsus
1752 2100 1920 2139 otiosum
1959 2111 2061 2146 0550,
2099 2098 2179 2138 vic-

385 2182 507 2215 torem
548 2173 648 2212 enim
688 2172 728 2211 in
766 2178 942 2211 mortuos
980 2171 1080 2210 cives
1118 2172 1351 2210 saevientem
1388 2170 1479 2209 ferri
1516 2182 1595 2208 non
1634 2182 1766 2221 posse3
1806 2168 1917 2220 quasi
1953 2169 2026 2207 hoc
2057 2167 2179 2218 signi-

383 2243 506 2283 ficarit
534 2242 733 2293 Augustus
765 2253 804 2280 se
827 2252 1027 2279 caesorum
1050 2239 1297 2279 cadaveribus
1318 2238 1565 2285 abstinuisse,
1598 2250 1674 2276 non
1697 2237 1878 2276 omnibns
1900 2249 1940 2275 se
1962 2237 2180 2288 pepercisse

385 2312 526 2364 quibus
557 2316 601 2350 ut
630 2322 785 2362 parcere
816 2315 948 2360 posset
988 2309 1177 2347 bellorum
1216 2308 1316 2347 vices
1354 2307 1634 2359 permisissent.
1695 2307 1852 2345 Certum
1892 2311 2021 2345 tamen
2058 2318 2106 2343 ne
2141 2304 2179 2343 id

385 2381 540 2433 quidem
588 2379 904 2430 supplementum
951 2376 1158 2417 dicendum
1204 2382 1279 2423 est,
1334 2386 1431 2414 cum
1469 2375 1696 2427 pracsertim
1743 2381 1900 2427 propter
1944 2373 2065 2425 spatia
2110 2386 2181 2412 nec

386 2449 521 2489 Latina
557 2461 628 2487 nec
666 2448 807 2486 Graeca
844 2446 955 2498 plane
993 2444 1239 2484 satisfaciant.
1277 2467 1330 2471 —
1370 2446 1419 2483 14
1452 2445 1517 2482 tin.
1557 2444 1684 2483 hiatus
1724 2443 1825 2495 capit
1863 2444 2009 2482 litteras
2047 2455 2078 2481 c.
2110 2454 2180 2489 vn;

388 2519 455 2558 sed
500 2517 539 2556 in
590 2529 703 2555 versu
755 2520 928 2554 extremo
983 2513 1149 2565 spatium
1203 2518 1331 2564 potest
1383 2525 1546 2551 vacuum
1601 2512 1802 2551 mansisse.
1849 2536 1902 2538 —-
1951 2512 2000 2550 15
2045 2513 2185 2563 iquosci

385 2589 507 2638 potuit
537 2584 691 2636 scripsi;
727 2586 869 2635 {quoscz’
903 2584 1003 2622 licuit
1043 2581 1247 2632 Bergkius,
1284 2593 1442 2632 parcere
1473 2584 1581 2632 potui
1608 2594 1676 2631 ogo
1717 2586 1838 2619 antea.
1869 2603 1924 2608 —
1953 2580 1995 2619 In
2027 2580 2181 2619 Graecis

387 2669 421 2693 v.
454 2655 506 2693 20
547 2650 776 2699 ἓξωτικούς
817 2652 960 2702 Bergk,
1007 2647 1212 2696 ὀθνείους
1258 2650 1468 2689 Kirchhoss'.
1507 2673 1561 2677 —-
1603 2650 1653 2689 19
1691 2650 1755 2688 fin.
1786 2649 1838 2688 20
1876 2649 1928 2687 in.
1971 2645 2180 2698 πολ[λούς]

388 2724 461 2762 iam
495 2722 631 2774 scripsi
660 2734 748 2760 cum
783 2720 956 2771 Bergkio,
987 2731 1222 2770 quamquam
1254 2718 1381 2757 obstat
1419 2719 1520 2769 quod
1563 2719 1686 2757 simile
1724 2718 1953 2757 vocabulum
1985 2730 2005 2755 a
2036 2715 2181 2755 Latinis

389 2792 514 2838 abest,
542 2789 748 2842 πολέμων
778 2795 887 2828 antea
919 2800 1125 2840 posueram
1157 2787 1284 2826 hiatus
1312 2787 1439 2837 aliquo
1464 2787 1577 2825 modo
1600 2787 1776 2839 explendi
1799 2799 1925 2825 causa.
1947 2808 2001 2813 —-
2024 2784 2076 2823 22
2100 2785 2182 2824 τῶν

390 2857 630 2912 περιόντων
674 2857 889 2898 πολειτῶν
934 2857 1064 2896 Kaihel
1109 2855 1313 2908 proposuit
1356 2856 1414 2894 vel
1458 2855 1593 2903 etiam,
1650 2869 1738 2895 cum
1784 2855 1822 2894 id
1872 2855 2180 2906 supplementem

391 2929 555 2980 spatium
588 2927 716 2979 paullo
747 2927 904 2965 excedat
934 2925 1135 2976 (deficiunt
1164 2925 1267 2964 enim
1298 2938 1331 2963 v.
1355 2924 1408 2963 22
1439 2924 1565 2976 priore
1596 2924 1745 2963 litterae
1776 2936 1808 2961 0.
1830 2922 2024 2973 ΧΙΧ)1τιόν
2055 2934 2182 2973 περι-

390 2995 664 3048 λειφθέντων
694 2995 839 3034 omisso
870 2994 1008 3034 civibus
1028 2994 1232 3041 vocabulo,
1267 2989 1434 3039 ζώντων
1456 2993 1728 3032 Kirchhol'fius.
1750 3015 1805 3020 —-
1826 2990 1972 3030 Deinde
1993 2989 2181 3041 scriptum

390 3064 509 3103 fuisse
540 3062 592 3103 τὰ
623 3061 749 3115 ἔθνη,
782 3075 860 3102 non
890 3061 943 3102 τὰ
974 3061 1010 3102 δ’
1043 3061 1151 3115 ἔθνη
1182 3061 1278 3114 lapis
1310 3061 1452 3101 docuit.
