2227 3452
910 170 953 211 V,
984 172 1117 206 18-‘23
1824 181 1903 220 107

123 296 200 329 tem
232 302 265 328 a.
295 289 394 336 730,
434 290 526 329 satis
563 297 719 342 apparet
756 303 877 341 eoque
915 290 998 341 ipso
1030 297 1202 343 tempore
1239 291 1406 330 amicum
1439 293 1580 332 Herodi
1610 295 1834 336 Petronium
1866 297 1906 337 in

121 357 336 409 Aegyptum
376 359 525 397 venisse
562 359 748 411 Iosephus
779 372 856 398 non
889 359 992 405 dicit,
1030 359 1095 398 sed
1126 359 1266 398 innuit.
1326 360 1438 400 Redit
1468 368 1595 400 autem
1628 365 1791 416 scriptor
1820 373 1907 417 post

122 426 378 465 narrationem
426 427 471 465 de
508 429 607 466 fame
645 427 773 466 bienni
812 427 1025 466 absolutam
1063 428 1107 465 ad
1146 441 1206 467 res
1246 435 1370 479 gestas
1410 430 1500 468 anni
1538 431 1676 482 prioris
1714 433 1906 485 missaque

122 501 264 534 aestate
301 508 333 533 a.
363 495 442 534 729
484 496 530 534 ad
563 496 711 535 Gallum
751 495 932 534 subsidia.
971 518 1024 523 —
1062 496 1188 542 Quare
1219 509 1307 535 cum
1340 503 1456 536 testes
1487 512 1622 538 omnes
1653 503 1906 549 consentiant,

125 563 343 614 exploditur
374 564 558 615 Kruegeri
589 564 761 616 opinatio
792 576 860 615 per
890 577 930 602 se
961 577 1096 615 parum
1136 565 1344 616 probabilis
1374 566 1524 604 Aelium
1557 567 1705 606 Gallum
1742 569 1780 607 in
1812 571 1907 610 Ara-

123 631 222 671 biam
255 631 465 671 cxercitum
498 632 653 671 duxisse
683 645 716 671 a.
741 632 819 670 730
851 634 1042 683 praefecto
1072 633 1232 684 Aegypti
1263 633 1302 672 C.
1325 633 1517 681 Petronio,
1557 636 1619 674 cui
1656 644 1785 688 postea
1819 653 1907 678 suc-

123 700 282 739 cesserit
312 700 350 738 in
384 703 618 752 praefectura
650 714 692 739 ea
723 700 828 751 (nam
861 703 1074 752 praefectus
1106 701 1245 740 dicitur
1271 702 1344 753 ipsi
1368 703 1547 742 Straboni
1569 705 1691 743 amico
1718 712 1757 745 et
1778 707 1908 746 comiti

123 769 159 816 2,
183 770 219 814 5,
246 768 294 806 12
317 782 352 820 p.
383 769 469 808 118.
496 770 556 815 17,
582 770 616 815 1,
640 769 691 808 29
714 783 749 821 p.
773 769 883 819 806),
915 782 1039 820 neque
1068 771 1118 808 ita
1147 770 1427 821 expeditionem
1459 772 1558 811 illam
1582 787 1670 812 eum
1694 775 1908 826 suscepisse

120 837 159 875 in
201 837 279 888 ipsa
316 839 566 888 praefectura.
632 838 679 876 At
726 838 807 889 ipso
847 837 1099 889 expeditionis
1139 845 1311 890 tempore
1348 842 1582 891 praefectum
1623 842 1780 895 Aegypti
1818 857 1905 882 eum

120 906 240 945 fuisse
271 906 487 957 significant
520 906 657 945 Strabo
690 907 770 953 (16,
794 907 830 952 4,
855 906 926 944 22:
968 907 1118 946 τοῖἰον
1140 930 1190 934 -—
1214 907 1364 946 Aelium
1389 908 1536 948 Gallum
1561 934 1614 938 -—
1636 910 1678 950 δ’
1711 911 1909 964 ἔπεμψεν

121 972 142 1014 ὁ
174 974 392 1026 Σεβασιὸς
428 977 600 1028 Καῖσαρ
632 972 1032 1027 διαπειρασόμενον
1062 975 1146 1014 τῶν
1176 975 1321 1016 ἐθνῶν
1351 976 1423 1015 καὶ
1454 978 1538 1017 τῶν
1568 976 1716 1019 τόπων
1746 978 1908 1020 τούτων

119 1058 163 1083 τε
184 1067 238 1071 —
259 1043 418 1082 Arabiae
449 1067 501 1070 —
529 1044 599 1081 καὶ
632 1044 712 1082 τῶν
749 1044 1057 1090 Λῖῧιοπικῶν;
1089 1057 1176 1083 nam
1210 1053 1251 1084 ut
1280 1045 1416 1085 demus
1444 1047 1600 1086 alteram
1625 1048 1907 1100 expeditionem

119 1112 249 1164 perfici
276 1112 449 1164 potuisse
474 1125 542 1163 per
562 1112 696 1150 ducem
721 1114 912 1164 praefecto
933 1112 1091 1164 Aegypti
1114 1113 1324 1160 subditum,
1358 1121 1560 1167 utramque
1583 1118 1763 1168 perlicere
1785 1117 1909 1157 iuberi

119 1193 195 1219 non
218 1186 367 1232 poterat
387 1180 459 1219 nisi
478 1182 708 1231 praefectus)
743 1187 779 1219 et
810 1181 958 1219 Plinius
989 1181 1044 1232 (6,
1073 1182 1147 1220 160
1178 1184 1225 1220 cf.
1251 1182 1347 1221 181:
1378 1183 1504 1223 Aelius
1534 1184 1664 1225 Gallus
1685 1198 1732 1225 em
1753 1189 1912 1238 equestri

120 1251 280 1297 ordine),
313 1250 489 1288 adfirmat
521 1249 589 1288 Dio
622 1251 685 1295 523,
709 1249 820 1299 29¹).

251 1318 302 1357 lle
353 1317 606 1369 expeditionis
651 1318 830 1357 Arabicae
886 1318 1049 1357 termino
1102 1326 1251 1370 praeter
1304 1321 1625 1361 commentarium
1683 1324 1905 1363 conferendi

118 1386 266 1425 Plinius
296 1387 333 1424 h.
357 1399 394 1424 n.
418 1386 454 1431 6,
479 1386 543 1432 28,
572 1387 666 1425 lau:
707 1385 868 1438 Calinyii
895 1400 1055 1439 quornm
1088 1388 1237 1428 Μανίυα
1267 1389 1334 1436 (ita
1373 1390 1476 1437 libri)
1509 1391 1682 1442 oppidum
1726 1394 1906 1444 siqnificac

119 1456 285 1495 ‹toneinos
316 1458 481 1494 (nauium
513 1462 550 1494 et
581 1459 602 1501 ς’
633 1456 724 1494 ton:
760 1456 891 1494 Gallus
924 1458 1056 1507 oppida
1087 1458 1202 1496 (Ic'rm't
1233 1488 1239 1495 .
1266 1488 1272 1495 .
1298 1489 1337 1497 ..
1371 1466 1403 1497 ec
1424 1472 1540 1511 snpra
1564 1461 1700 1499 (liciam
1724 1461 1908 1499 Maribam

119 1524 185 1572 (ita
217 1524 321 1575 libri)
353 1527 507 1563 circuim
542 1539 575 1562 ιγ
603 1525 675 1562 mil.
696 1538 747 1575 p..
781 1528 863 1564 icem
890 1524 1117 1576 Caripetam,
1148 1539 1217 1577 quo
1249 1526 1456 1577 longissime
1484 1532 1670 1579 processit,
1703 1536 1740 1567 et
1772 1530 1908 1568 Strabo

120 1594 183 1636 16,
207 1593 242 1639 4,
268 1593 319 1631 21
351 1606 386 1644 p.
411 1592 509 1632 782:
543 1592 603 1639 εἷς
634 1590 767 1632 πόλιν
795 1594 1057 1645 ᾼΠαρσιτιβαὶ
1092 1594 1158 1641 (ita
1190 1594 1292 1635 libi-ii
1316 1595 1542 1648 nqoaejstaw
1563 1598 1728 1648 (Gallus)
1751 1596 1909 1644 ἔθνους

119 1661 202 1700 τῶν
243 1658 564 1713 ’1)αμμανιῐῶν,
616 1664 661 1700 οἲ
706 1658 813 1716 ᾖσαν
860 1659 944 1702 ὑπὸ
988 1660 1203 1715 Ἰλασάρῳ,
1251 1670 1288 1702 et
1319 1663 1387 1703 Dio
1430 1665 1502 1710 53,
1538 1666 1608 1703 29:
1655 1667 1776 1718 μέχρι
1826 1668 1909 1706 τῶν

112 1727 365 1769 {immistam
396 1729 670 1782 καλουμένων
701 1734 860 1783 χωρίον
894 1731 1006 1778 ιιι’ὸς
1039 1730 1283 1783 ἐπιφανοῦς
1314 1730 1549 1785 ἐχώρησαν,
1583 1735 1683 1785 qnod
1707 1749 1783 1773 non
1808 1736 1909 1774 mul-

119 1805 200 1837 tum
242 1799 378 1844 differt,
418 1812 504 1837 nam
546 1800 757 1838 secundum
802 1800 1030 1839 Strabonem
1069 1802 1128 1845 16,
1157 1802 1189 1846 1,
1213 1801 1263 1839 24
1296 1814 1331 1851 p.
1356 1801 1447 1846 732,
1487 1803 1551 1852 qui
1592 1803 1628 1841 in
1661 1804 1720 1842 liis
1751 1817 1795 1842 ex
1827 1804 1908 1855 ipso

118 1868 223 1905 Gallo
277 1868 435 1917 pendet„
489 1867 707 1919 proximum
763 1869 865 1919 quod
912 1876 998 1908 ante
1038 1869 1220 1908 Maribam
1271 1870 1400 1909 Gallus
1446 1872 1677 1922 expugnavit
1724 1872 1906 1924 oppidum

250 2069 277 2107 ¹)
303 2069 446 2100 Schillcr
472 2071 556 2100 ro'm.
577 2068 761 2100 Ii'm'serz-ei!
788 2071 798 2101 1
825 2080 851 2110 p.
878 2070 935 2099 198
964 2068 1127 2109 iirnegeri
1155 2070 1379 2111 opinationem
1406 2072 1612 2103 resuscitans
1639 2072 1834 2104 Strabonem
1861 2073 1909 2104 ait

117 2136 232 2157 errare
263 2125 316 2158 vel
350 2127 460 2167 potins
494 2126 624 2157 mentiri
657 2128 705 2161 (ιή
732 2127 1059 2168 [magmatis[leudem
1091 2126 1269 2163 Temlmzzn
1296 2129 1547 2161 contendentem
1575 2135 1710 2172 propter
1736 2131 1908 2161 deductam

118 2184 150 2214 iu
181 2183 339 2214 Arabiam
373 2184 543 2215 exercitus
580 2189 702 2225 partem
739 2183 770 2213 in
796 2184 984 2226 Aegyptum
1013 2185 1176 2226 irrupisse
1203 2185 1404 2227 Aethi011c53
1432 2186 1568 2218 Dionem
1594 2187 1672 2218 item
1699 2198 1826 2227 errare,
1854 2188 1907 2218 nbi

117 2240 248 2271 Aci-ium
268 2240 398 2271 Gallum
425 2241 540 2271 scribit
572 2239 772 2282 praesertum
795 2241 939 2284 Aegypti
966 2241 997 2272 in
1018 2242 1173 2273 Arabiam
1201 2242 1383 2284 profectum
1409 2254 1493 2275 esse.
1529 2243 1742 2275 Praefectura
1762 2245 1908 2286 Aegypti

118 2298 250 2329 Gallum
277 2298 427 2329 carnisse
456 2302 542 2329 tecte
568 2303 661 2339 putat
687 2298 873 2337 significari
899 2310 916 2329 a
944 2298 1050 2330 Plinio
1077 2300 1107 2339 o,
1126 2300 1178 2339 2s,
1202 2302 1281 2339 ltin,
1313 2301 1465 2342 quoniam
1492 2312 1563 2332 euin
1589 2302 1711 2333 scribit
1736 2302 1840 2333 fuisse
1865 2312 1908 2332 ea·

119 2356 265 2397 equestri
294 2354 409 2387 ordine
442 2366 543 2397 neque
576 2356 665 2387 addit
700 2357 782 2397 quod
815 2356 879 2387 alio
912 2357 984 2387 loco
1013 2358 1056 2396 tti,
1076 2358 1127 2396 29,
1149 2358 1228 2397 1313
1262 2356 1302 2389 cf.
1329 2358 1360 2397 5,
1385 2358 1430 2397 11,
1453 2357 1504 2399 12)
1535 2358 1716 2399 adscripsit
1747 2357 1907 2400 praefecti

118 2412 265 2455 Aegypti
307 2413 521 2449 vocabulum}
561 2412 708 2454 profecto
745 2413 772 2444 si
806 2413 867 2443 hoc
901 2414 1009 2445 voluit
1034 2412 1183 2454 Plinius,
1221 2415 1399 2453 diligenter
1431 2415 1540 2454 cavit,
1573 2425 1611 2446 ne
1646 2416 1907 2454 intellegeretur.

117 2470 266 2511 Denique
293 2480 364 2501 cum
391 2470 619 2511 expeditiones
645 2470 705 2501 hae
731 2471 813 2502 dnae
841 2475 925 2502 teste
944 2470 1108 2503 Strabone
1136 2473 1181 2503 ita
1209 2472 1385 2503 continuae
1412 2471 1548 2511 suerint,
1575 2477 1611 2502 nt
1635 2472 1743 2503 altera
1769 2472 1907 2503 alteram

117 2527 294 2559 subsecuta
327 2527 373 2558 sit
405 2532 438 2558 et
468 2528 561 2568 quasi
594 2537 634 2557 ex
668 2538 702 2557 ea
731 2532 821 2568 nata,
856 2538 944 2559 mera
972 2529 1146 2560 cavillatio
1174 2533 1225 2560 est
1250 2530 1333 2570 quod
1360 2529 1391 2560 id
1418 2529 1464 2559 ait
1491 2540 1637 2571 pugnare
1663 2540 1732 2560 cum
1760 2540 1796 2559 eo
1823 2531 1906 2571 quod

118 2584 200 2616 dicit
225 2584 396 2625 Augustus
423 2584 577 2615 evenisse
609 2595 665 2615 cas
695 2585 807 2616 eodem
828 2587 912 2627 sere
942 2588 1104 2627 tempor&
1140 2586 1316 2617 cavillatio
1349 2587 1426 2617 item
1460 2588 1545 2628 qnod
1575 2587 1834 2629 praeponendam
1860 2587 1908 2618 ait

118 2642 349 2683 Aethiopicam
381 2646 495 2682 utpote
528 2646 674 2683 tempore
711 2643 869 2682 priorem,
902 2653 972 2673 cum
1003 2648 1163 2684 appareat
1187 2644 1370 2683 Augustum
1396 2644 1476 2675 haec
1503 2644 1609 2675 omnia
1635 2644 1842 2685 disposuisse
1867 2644 1906 2674 ad

119 2698 266 2729 ordinem
300 2698 457 2729 locorum.
507 2698 626 2729 Strabo
652 2703 761 2730 antem
787 2699 858 2729 loco
887 2710 985 2741 supra
1012 2700 1113 2730 citato
1140 2710 1211 2731 cum
1237 2701 1286 2732 ait
1311 2700 1486 2732 Caesarem
1512 2701 1646 2732 misisse
1674 2700 1805 2732 Gallum
1830 2700 1907 2733 δια-

118 2752 384 2800 πειρασόιιιενον
407 2755 476 2786 τῶν
501 2754 620 2787 ἐθνῶν
643 2757 701 2786 καὶ
726 2757 794 2788 τῶν
819 2754 941 2788 τόπων
965 2752 1100 2789 τούτων
1117 2757 1295 2796 (Arabiae)
1320 2768 1355 2789 τε
1373 2758 1432 2789 καὶ
1450 2757 1518 2789 τῶν
1534 2758 1776 2797 Αἰθιοπικῶν,
1803 2768 1907 2788 {ionae

117 2813 285 2853 significat
311 2817 386 2854 post
405 2812 561 2844 Arabiam
588 2813 619 2844 ei
645 2813 783 2843 eundum
810 2812 914 2844 fuisse
941 2814 973 2844 in
1000 2814 1232 2856 Aethiopiam?
1265 2814 1381 2846 Omnia
1406 2815 1486 2846 haec
1505 2825 1615 2856 parum
1642 2815 1824 2855 prudenter
1849 2825 1906 2846 ex-

117 2870 263 2909 cogitata
288 2875 375 2909 sunt,
402 2871 633 2912 imperatorem
668 2870 808 2902 iussisse
835 2870 1067 2911 expeditiones
1100 2872 1181 2902 duas
1212 2873 1326 2904 eodem
1358 2877 1506 2914 tempore
1537 2872 1662 2913 suscipi
1695 2872 1797 2903 etita
1825 2876 1907 2903 tam—

117 2937 209 2968 quam
237 2927 390 2958 consulto
410 2927 597 2969 Aegyptum
622 2928 783 2959 universo
811 2927 978 2968 praesidio
1006 2929 1135 2967 nudari,
1162 2929 1346 2961 exercitum
1364 2930 1465 2961 trium
1484 2929 1651 2968 legionum
1670 2933 1703 2960 et
1721 2929 1906 2960 cohortium

117 2984 309 3025 alarumque
341 2984 511 3016 duodecim
547 2984 680 3022 (Strabo
710 2985 758 3022 17,
788 2985 815 3024 1,
844 2984 882 3015 12
909 2995 937 3026 p.
964 2985 1057 3023 707),
1100 2986 1133 3016 id
1165 2990 1216 3017 est
1247 2986 1413 3017 hominum
1445 2986 1582 3018 circiter
1615 2986 1736 3027 viginti
1767 2986 1908 3025 milium,

118 3040 229 3072 eodem
255 3045 404 3083 tempore
431 3042 512 3072 dena
540 3040 610 3073 fere
634 3042 743 3072 millia
768 3042 802 3072 in
827 3041 984 3074 Arabiam
1003 3047 1036 3073 et
1054 3042 1087 3074 in
1104 3042 1318 3084 Aethiopiam
1334 3043 1479 3081 misisse,
1498 3042 1701 3085 praefectum
1721 3046 1904 3074 castrorum

118 3095 255 3129 classem
281 3097 448 3130 fabricare
474 3099 623 3140 potuisse
647 3099 815 3140 octoginta
841 3100 982 3139 navium,
1010 3104 1043 3131 et
1069 3110 1151 3141 quae
1176 3100 1248 3131 eius
1273 3100 1407 3140 generis
1432 3100 1495 3132 alia
1522 3104 1609 3131 sunt.
