2430 3394
386 107 466 149 182
913 102 978 136 DE
1004 101 1270 136 ITERATION
1274 101 1302 135 E
1330 101 1652 137 LEGATIONVM

383 223 543 263 minatio
583 228 685 262 recte
724 222 857 261 abesse
889 227 1057 273 nequeat
1096 233 1221 271 neque
1252 220 1310 258 bis
1348 220 1540 271 pluriesve
1572 223 1811 272 praefectura
1844 222 1969 273 aliqua
2002 224 2181 261 functum

381 294 661 344 praefecturam
694 289 806 329 liceat
836 290 960 328 (licere
991 290 1161 328 iterasse.
1222 288 1438 339 Adsumpta
1471 288 1794 328 determinatione
1823 292 2009 341 praefecti
2027 291 2185 342 fabrum

381 360 565 405 officium,
598 359 630 398 si
661 358 816 410 quidem
850 364 908 397 est
939 358 1122 403 officium,
1156 357 1400 396 iterationem
1433 369 1545 408 saepe
1577 357 1814 408 adscriptum
1856 358 1981 397 hahet.
2043 360 2184 398 Contra

381 434 439 467 est
469 428 508 467 in
540 429 733 479 praefecto
754 426 924 466 'cohortis
956 426 1237 476 similibusque,
1271 431 1312 464 ut
1342 437 1391 463 ne
1423 425 1453 463 is
1485 425 1654 475 quidem,
1695 425 1761 476 qui
1798 426 1910 464 aliam
1948 433 2036 477 post
2071 427 2182 465 aliam

382 497 579 536 cohortem
620 495 735 542 rexit,
777 496 925 534 dicatur
961 495 1178 546 praefectus
1210 492 1368 532 cohortis
1399 494 1471 539 bis,
1503 493 1567 531 sed
1601 494 1817 532 cohortium
1852 494 2008 533 nomina
2039 495 2185 534 adscri-

381 566 524 604 bantur
554 564 755 603 iteratione
788 576 865 602 non
897 563 1054 615 adiecta,
1088 561 1163 600 nisi
1194 561 1294 612 quod
1329 561 1596 613 exceptionem
1628 561 1718 600 facit
1751 561 1886 600 titulus
1917 561 2184 601 Nomentanus

382 633 516 685 (Orell.
541 632 659 682 208):
686 634 814 683 praef.
839 632 914 671 cole.
940 644 987 668 m
1012 632 1304 681 sayittarz'orum.
1333 631 1460 681 praef.
1484 630 1560 669 coh.
1586 633 1721 669 iterum
1753 642 1786 666 II
1811 630 2003 668 Asturum.
2026 653 2078 657 —-
2101 629 2186 668 Non

383 701 502 752 magis
534 701 641 740 locus
665 707 723 739 est
744 699 938 739 iterationi
961 699 998 737 in
1021 697 1373 750 procurationibus.
1397 721 1451 725 —-
1473 698 1515 736 In
1540 697 1834 737 centurionibus
1856 697 2073 748 legionariis
2096 710 2183 737 cum

381 781 421 808 re
443 769 594 808 iteratio
616 781 736 820 paene
758 768 926 819 legitima
950 767 1077 809 fuerit.
1101 766 1183 805 eius
1200 766 1373 805 numeris
1391 779 1594 818 expressae
1611 778 1736 816 neque
1754 766 1799 804 ad
1815 765 2005 816 legionem
2023 767 2184 806 eandem

380 838 519 876 relatae
542 837 668 888 (cuius
699 836 870 887 exempla
902 836 995 874 item
1028 848 1112 874 rara
1144 834 1347 886 composui
1369 835 1465 886 Eph.
1489 835 1607 887 epigr.
1631 835 1654 872 4
1682 847 1719 885 p.
1744 834 1842 885 236)
1875 846 1997 873 unum
2032 841 2184 874 tantum

380 906 601 956 exemplum
634 904 730 943 mihi
766 909 920 956 praesto
960 909 1018 942 est
1049 902 1106 954 (C.
1129 903 1175 949 X,
1209 902 1335 941 3733:
1375 906 1540 943 centurio
1571 917 1605 941 Π
1635 903 1701 954 leq.
1731 918 1781 941 m
1808 902 2028 954 Cyreneicae
2065 911 2098 942 et
2136 916 2190 941 171

385 973 496 1021 clm).
527 995 582 1001 —-
613 972 850 1012 Tribunatus
883 971 1059 1010 militaris
1092 977 1135 1010 ut
1166 977 1287 1010 aetate
1319 971 1459 1010 liberae
1489 971 1543 1010 rei
1565 970 1741 1022 publicae
1761 970 2005 1010 iterationem
2028 970 2185 1009 sollem-

380 1041 482 1080 niter
526 1040 696 1080 admittit
739 1040 954 1091 legionibus
1000 1040 1145 1079 scilicet
1190 1052 1269 1078 non
1317 1041 1548 1083 enuntiatis,
1595 1038 1647 1078 ita
1691 1038 1724 1077 is
1770 1052 1864 1078 usus
1910 1039 2026 1077 etiam
2063 1044 2185 1077 aetate

381 1108 629 1160 imperatoria
668 1108 911 1159 aliquatenus
958 1108 1100 1147 mansit
1146 1108 1202 1159 (C.
1227 1108 1271 1154 II,
1296 1107 1420 1147 2029.
1452 1108 1515 1155 ΙΙΙ,
1539 1108 1632 1147 646.
1665 1107 1706 1154 Y,
1731 1108 1795 1147 49.
1829 1107 1952 1146 5834.
1976 1107 2038 1153 lx,
2062 1106 2183 1145 3522.

382 1176 788 1216 5S3s.01·e11.2254.
822 1176 961 1223 3964).
1015 1177 1088 1216 Sed
1120 1177 1232 1227 longe
1263 1177 1504 1227 frequentius
1536 1177 1731 1227 legionum
1764 1175 1923 1215 nomina
1952 1175 2184 1222 adiciuntur,

380 1245 483 1295 quod
520 1244 585 1283 ubi
624 1245 684 1291 fit,
724 1257 881 1296 perraro
918 1245 1069 1284 iteratio
1106 1245 1345 1295 significatur
1391 1246 1445 1294 (C.
1475 1246 1538 1293 ΙΙΙ,
1568 1244 1690 1284 2078.
1722 1245 1767 1291 X,
1793 1243 1922 1292 82413
1968 1244 2004 1282 in
2051 1244 2184 1283 eadem

379 1313 527 1364 legione
559 1313 598 1351 C.
622 1313 662 1360 V,
696 1311 836 1352 5267?
877 1314 939 1361 lx,
974 1314 1113 1365 5838).

1147 1650 1363 1672 ‘'¹⁷‘'*E‘f-N
1499 1662 1553 1664 7*
