2227 3452
1031 138 1223 173 GRAECA
1939 148 2019 188 201

228 254 286 299 ὦν
317 256 560 311 κατήγαγον
588 258 839 310 (sequebatur
869 259 1072 305 numerus)
1106 263 1143 296 et
1168 259 1230 305 13,
1256 259 1304 297 15
1328 256 1375 303 ἐξ
1395 253 1452 297 ὦν
1475 260 1570 308 (scil.
1594 258 1777 308 δούλων)
1802 269 1913 314 τρεῖς
1935 277 2023 304 που

226 325 442 380 μυριάδας
474 325 725 378 παρέδωκα,
759 340 835 377 quo
867 326 986 364 altero
1018 326 1101 364 loco
1133 338 1180 363 ne
1212 326 1249 364 in
1284 325 1419 365 Latino
1450 328 1605 378 quidem
1628 331 1801 381 exemplo
1824 332 2023 382 praeposi-

226 395 279 434 tio
310 402 494 447 usurpata
526 395 598 434 suit
630 398 839 444 (servornm
862 408 945 432 xxx
974 395 1056 444 fere
1078 394 1197 432 millia
1218 394 1388 439 tradidi).
1430 394 1602 433 Pessime
1624 396 1762 437 Romae
1785 399 1841 438 bis
1862 400 2024 438 vertitur

226 461 301 502 ἐπὶ
332 459 492 515 Ῥώμης
523 476 601 501 non
634 463 759 501 solum
791 463 831 500 in
866 461 974 500 titulo
997 462 1265 500 commentarii
1288 462 1534 512 neglegenter
1556 465 1788 516 conscripto,
1821 467 1885 505 sed
1908 467 2023 506 etiam

226 532 262 578 6,
287 532 323 577 5,
356 544 481 582 neque
519 530 739 570 defenditur
769 530 845 568 hoc
876 542 920 567 eo
951 529 1053 579 quod
1082 528 1290 580 Dionysius
1321 530 1443 580 (velut
1469 530 1592 569 1156»
1624 529 1917 584 ἐκκλησιάζειν
1949 533 2023 573 ἐπὶ

226 597 518 652 στρατοπέδου
561 599 677 646 dixit;
713 598 880 649 pessime
918 597 1031 635 etiam
1075 597 1133 634 vet
1171 603 1305 635 contra
1345 598 1564 649 exemplum
1596 598 1775 638 Latinum
1807 602 1845 639 in
1877 602 2024 641 addita-

226 675 357 707 mento
388 668 489 707 idem
521 667 604 706 sine
636 666 753 705 dubio
786 666 902 703 bomo
934 665 1088 716 scripsit
1112 661 1413 717 ἠριθμημένον
1435 664 1650 718 χρήματος
1673 662 1731 712 εἰς
1756 667 1797 706 τὸ
1822 665 2026 721 αἶρεέριον

224 734 249 789 ἢ
288 737 366 783 εἰς
407 735 480 776 τὸν
518 734 657 788 δῆμον
694 732 769 773 τὸν
802 729 1033 785 (Ρωμαίων
1077 731 1098 786 ἢ
1136 733 1212 780 εἷς
1250 732 1347 780 τοὺς
1379 730 1729 786 ἀπολελυμένους
1761 735 2024 787 στρατιώτας

225 805 339 854 (dedit
369 808 406 844 in
428 806 621 843 aerarium
644 803 702 841 vel
718 802 841 853 plebei
863 802 1055 841 Romanae
1083 802 1139 841 rel
1160 803 1318 841 (Iinn'ssis
1341 802 1554 852 militibus);
1586 803 1659 841 dici
1681 809 1808 854 potest
1829 803 2025 857 χρήματα

223 872 428 913 δαπανᾶν
468 872 529 918 εἷς
560 869 658 916 τοὺς
689 868 969 922 στρατιώτας,
1007 883 1122 908 nenio
1156 883 1243 909 vero
1275 870 1370 909 dixit
1407 868 1604 923 χρηματα
1641 873 1712 919 (vel
1745 872 1838 911 adeo
1868 874 2025 925 χρῆμα)

223 937 430 992 ἀριθμεῖν
466 940 528 985 εἷς
563 937 662 984 τοὺς
700 935 977 989 στρατιώτας.
1040 938 1166 977 Minus
1199 946 1301 978 recte
1334 939 1448 978 etiam
1482 940 1518 985 -1,
1550 940 1573 977 4
1606 938 1677 978 ἐπὶ
1713 939 1782 993 ἔτη
1815 940 2026 994 τεσσαρα-

223 1022 352 1048 κοντα
383 1007 499 1046 vertit
529 1007 564 1046 id
597 1007 698 1058 quod
731 1007 866 1045 lacuna
899 1007 1082 1045 baustum
1116 1014 1218 1046 recte
1254 1009 1291 1047 in
1324 1008 1470 1047 Latinis
1492 1008 1717 1047 restitutum
1741 1016 1800 1048 est
1816 1022 1886 1061 per
1907 1023 2026 1050 annos

223 1077 485 1129 quadrayinta.
546 1075 623 1114 Nec
660 1075 825 1126 denique
858 1075 896 1113 in
930 1075 1053 1113 verbis
1086 1088 1173 1114 cuni
1206 1076 1556 1128 praepositionibus
1587 1078 1811 1128 compositis
1843 1078 2025 1129 eligendis

222 1145 410 1184 abstinuit
436 1144 652 1188 erroribus,
691 1143 795 1182 velut
827 1143 863 1187 6,
888 1143 910 1181 2
950 1145 1199 1183 sacerdotium
1232 1148 1311 1196 cepi
1338 1145 1435 1183 male
1466 1145 1629 1184 reddidit
1658 1145 1733 1198 την
1763 1142 2025 1199 ἀρχιερωσύ-

226 1227 302 1266 νην
334 1210 563 1266 ἀνείληφα.

352 1278 581 1320 ‘Verborum
622 1281 796 1320 ordinem
838 1281 1066 1332 plerumque
1098 1294 1185 1320 eum
1219 1294 1333 1333 quem
1367 1283 1566 1331 Augustus
1599 1282 1812 1334 praeiverat
1848 1291 2024 1324 accurate

222 1350 396 1389 imitatus
434 1356 494 1389 est
530 1362 608 1388 non
640 1356 824 1401 reputans
858 1349 1009 1400 saepius
1042 1350 1112 1388 bac
1143 1350 1180 1388 in
1220 1363 1259 1388 re
1292 1351 1394 1401 quod
1424 1350 1609 1389 Romanis
1640 1351 1770 1390 liceret
1802 1364 1879 1390 non
1910 1353 2025 1392 licere

222 1419 324 1458 idem
374 1418 539 1458 Graecis.
617 1417 701 1456 Non
748 1418 891 1456 babent
936 1418 1189 1457 offensionem
1233 1419 1365 1457 Latina
1412 1419 1482 1469 (2,
1522 1419 1571 1469 2)
1610 1423 1647 1458 ιίι
1689 1420 1883 1459 consulatu
1921 1429 2025 1460 sexto

222 1500 370 1527 censum
396 1486 530 1538 populi
559 1486 708 1537 conleya
741 1486 790 1524 M.
815 1488 976 1537 ,tqrsppa
1014 1490 1081 1537 eqi,
1114 1487 1257 1526 habent
1279 1488 1419 1526 Graeca
1451 1488 1505 1537 (4.
1535 1489 1594 1526 lo.
1622 1489 1686 1533 11)
1718 1483 1840 1527 ἕκτον
1864 1485 2026 1536 ὕπατος

220 1554 296 1608 τὴν
327 1551 620 1607 ἄποτείμησιν
655 1555 726 1593 τοῦ
758 1552 896 1606 δήμου
929 1551 1201 1607 συνάρχοντα
1233 1554 1340 1604 ἔχων
1376 1555 1558 1607 ᾸΙαρκον
1583 1552 1834 1608 Ἀγρίππαν
1868 1555 2025 1609 ἔλαβον

221 1622 423 1674 diremptis
469 1634 566 1673 quae
608 1634 687 1660 non
733 1628 843 1660 erant
883 1622 1097 1661 dirimenda
1140 1623 1265 1661 verbis
1311 1622 1382 1675 την
1429 1619 1726 1677 α’ποτείμησιν
1771 1632 1809 1664 et
1854 1624 2023 1677 ἔλαβον.

221 1692 404 1732 Similiter
434 1691 504 1730 alia
537 1691 657 1729 multa
689 1690 803 1729 etiam
837 1697 971 1730 eontra
1002 1692 1167 1742 Augusti
1199 1692 1440 1743 exemplum,
1486 1694 1589 1732 velut
1619 1695 1656 1740 4,
1683 1695 1732 1731 17
1763 1692 1894 1746 μόνος
1926 1695 2024 1733 male

222 1767 442 1812 separatum
480 1766 538 1798 est
569 1772 588 1798 a
620 1759 736 1797 verbo
769 1757 946 1811 ἔλαβον,
990 1767 1093 1799 recte
1124 1761 1324 1811 Augustus
1364 1761 1465 1801 solus
1504 1764 1594 1813 fece}
1632 1762 1763 1814 inepto
1795 1763 1878 1801 loeo
1913 1764 1975 1810 10,
2000 1764 2022 1801 7

214 1825 472 1868 Ὀκταουίαν
502 1828 692 1866 insertum
726 1834 796 1873 est,
829 1829 929 1879 quod
964 1842 1034 1867 suo
1066 1830 1149 1867 loeo
1182 1836 1363 1879 posuerat
1394 1830 1602 1880 Augustus.
1665 1831 1911 1882 Lapidarium
1946 1834 2025 1870 for-

223 1902 322 1936 tasse
354 1909 461 1935 reum
496 1896 680 1935 faciemus
716 1896 777 1942 13,
802 1897 824 1935 3
857 1894 903 1934 αἱ
937 1895 975 1935 δ’
1010 1892 1187 1949 ἥσσονες
1226 1894 1403 1943 πλείους
1435 1896 1756 1951 ἐναυμάχησαν,
1796 1899 1861 1937 ubi
1892 1900 2024 1950 requi-

220 1966 319 2004 ritur
350 1962 396 2003 αἱ
429 1963 475 2003 δὲ
499 1963 677 2010 πλείους
703 1960 880 2017 ἥσσονες
902 1964 1051 2016 ἔναι’μ.
1084 1989 1137 1992 —
1169 1965 1423 2016 Negationum
1447 1966 1568 2016 legem
1593 1966 1834 2005 subtiliorem
1861 1968 2023 2019 turpiter

219 2033 374 2073 violavit
404 2033 594 2084 interpres
631 2033 692 2079 16,
719 2034 766 2071 17
800 2029 1010 2072 οῧδέποιέ
1044 2032 1127 2085 πρὸ
1152 2031 1303 2073 τούτου
1328 2035 1432 2082 (τοῦ)
1463 2030 1618 2084 χρόνον
1651 2032 1870 2087 ὀφθεῖσαι
1903 2036 2025 2088 παρα

215 2099 440 2151 Ῥωμαίων
481 2098 676 2155 ἡγεμόνι,
719 2101 781 2139 ubi
820 2101 946 2139 omitti
978 2114 1055 2139 non
1088 2102 1215 2152 potuit
1250 2098 1407 2141 οὖδενί.
1447 2125 1488 2130 —-
1525 2103 1626 2141 Nihil
1665 2103 1788 2141 dicam
1832 2104 1878 2142 de
1917 2105 2022 2143 verbi

220 2183 404 2221 generum
447 2183 521 2209 usu
553 2169 752 2220 ambiguo,
794 2182 1029 2220 quamquain
1073 2171 1106 2209 1.
1139 2170 1162 2207 2
1200 2169 1246 2209 το
1279 2168 1524 2223 στράτευμα
1552 2169 1854 2224 ἡτοιμασάμην
1885 2172 2023 2211 melius

219 2245 321 2277 certe
353 2238 574 2289 scripsisset
595 2251 710 2289 quam
736 2239 839 2289 quod
866 2238 1021 2289 scripsit
1046 2233 1261 2291 ἦτοίμασα
1283 2241 1347 2289 (cf.
1371 2239 1439 2277 Dio
1463 2238 1527 2285 48,
1551 2239 1602 2277 35
1627 2242 1841 2290 στρατεία,
1877 2237 1925 2293 η“ν
1947 2239 2022 2280 ἐπὶ

218 2305 317 2352 τοὺς
342 2304 550 2358 Πάρθους
583 2302 875 2359 ἦιοιμαζειο),
910 2307 1052 2345 rectius
1081 2307 1240 2345 omnino
1273 2307 1345 2345 alio
1377 2308 1492 2346 verbo
1525 2321 1679 2354 usurus,
1712 2321 1835 2359 neque
1867 2308 2022 2360 litigabo

220 2387 308 2413 cum
338 2362 499 2413 *homine
532 2375 673 2414 Graece
705 2375 859 2414 indocto
891 2376 936 2413 de
968 2375 1207 2426 singulorum
1243 2376 1533 2415 enuntiatorum
1567 2376 1851 2423 coniunctione,
1885 2391 2022 2428 quam-

219 2455 334 2494 quam
375 2449 468 2482 sunt
504 2456 601 2494 quae
642 2444 699 2482 vel
741 2444 884 2482 tirones
924 2444 1020 2482 male
1059 2444 1242 2491 habeant,
1280 2444 1383 2483 velut
1415 2445 1522 2490 4,11
1558 2458 1660 2496 sqq.;
1706 2458 1784 2484 non
1815 2458 2023 2497 persequar

218 2511 311 2550 haec
341 2517 379 2550 et
410 2511 561 2558 similia,
594 2524 714 2563 pauca
745 2525 814 2563 per
845 2518 1015 2550 saturam
1049 2513 1250 2551 additurus
1284 2518 1500 2551 memoratu
1533 2514 1656 2564 digna.
1718 2514 1900 2553 Confecto
1924 2515 2021 2553 bello

219 2579 319 2618 civili
349 2579 547 2630 Augustus
584 2581 616 2626 1,
652 2581 699 2618 15
732 2587 909 2619 externas
942 2588 1075 2632 gentes
1107 2581 1248 2631 quibus
1281 2587 1365 2619 tuto
1396 2581 1543 2632 ignosci
1573 2588 1705 2634 posset
1736 2595 1774 2620 se
1807 2582 1898 2621 dicit
1934 2594 2022 2621 con-

218 2660 368 2686 servare
400 2661 509 2699 quam
543 2649 715 2688 eaecidere
747 2650 943 2697 maluisse3
975 2650 1163 2701 pervertit
1193 2651 1286 2689 baec
1308 2650 1401 2688 adeo
1425 2656 1466 2688 ut
1487 2650 1652 2689 absurda
1675 2651 1812 2688 fierent
1831 2650 2021 2701 interpres

221 2717 274 2764 (1,
304 2715 371 2764 23)
409 2715 582 2754 scribens
621 2715 763 2755 ἔσωσα
794 2716 960 2769 μᾶλλον
1004 2716 1025 2770 η’
1057 2716 1246 2770 ἐξέκοψα
1321 2718 1541 2757 [nauditum
1575 2719 1685 2770 plane
1718 2718 1868 2756 dicendi
1900 2731 2021 2769 genus

220 2789 279 2823 est
310 2783 346 2830 2,
370 2782 421 2821 23
460 2784 531 2821 καὶ
576 2782 688 2837 ἤμην
726 2784 985 2836 τριακοστὸν
1023 2786 1095 2824 καὶ
1138 2785 1325 2837 ἕβδομον
1362 2785 1625 2839 δημαρχικῆς
1657 2785 1875 2832 ἐξουσίας,
1919 2787 2022 2837 quod

219 2865 267 2891 ne
307 2851 486 2891 Orosiani
522 2852 678 2903 quidem
717 2854 820 2903 quod
858 2853 1045 2904 Bergkius
1082 2854 1259 2893 excitavit
1297 2855 1463 2906 exempli
1500 2855 1656 2893 audacia
1693 2854 1822 2902 (Oros.
1854 2867 1890 2891 vl
1917 2866 1947 2893 18
1982 2862 2023 2894 itt

218 2923 259 2959 in
284 2927 508 2971 perpetuum
539 2921 759 2959 tribuniciae
786 2924 978 2972 potestatis
999 2927 1104 2968 esset)
1128 2921 1352 2973 explicatur,
1384 2923 1527 2961 nedum
1557 2921 1788 2961 defenditur.
1848 2921 2020 2972 Denique

219 2989 424 3028 ridiculum
448 3001 538 3027 sane
570 2988 808 3039 ignorantiae
836 2990 1055 3041 exemplum
1087 2990 1279 3041 interpres
1308 2990 1427 3029 edidit
1451 2992 1514 3035 15,
1540 2991 1601 3036 19,
1633 2995 1735 3028 recte
1758 2989 1794 3027 id
1816 3002 1834 3028 a
1861 2990 2020 3040 Bergkio

220 3057 476 3108 exagitatum3
510 3048 665 3108 scripsit
687 3057 886 3108 Augustus
919 3058 1082 3098 colonias
1101 3061 1142 3097 in
1164 3059 1292 3110 Africa
1314 3058 1442 3098 Sicilia
1462 3059 1680 3097 Macedonia
1700 3064 1860 3109 utraque
1880 3057 2021 3109 Hispa-
