2430 3394
474 145 554 186 1Οὸ
1256 143 1298 185 v,
1329 144 1462 177 18--33

462 259 684 315 Ἀθρουλα
714 262 797 302 fuit.
848 263 958 310 Quod
989 263 1089 309 alibi,
1124 262 1186 301 ubi
1217 261 1386 300 narratio
1420 274 1498 300 11011
1530 262 1671 313 pendet
1698 275 1716 300 a
1741 263 1856 307 Gallo,
1888 264 2111 303 nominatur
2141 265 2252 316 oppi-

467 332 559 370 dum
592 331 825 371 Sabaeorum
863 332 1089 383 primarium
1127 331 1272 369 dictum
1312 330 1488 369 Straboni
1519 330 1694 369 Mariaba
1732 331 1815 382 (16,
1838 332 1874 378 4,
1899 331 1921 370 2
1954 345 1990 384 p.
2014 333 2093 372 768
2134 341 2172 373 01
2208 347 2251 372 ex

467 401 654 440 Strabone
696 401 913 452 Stephanus
944 414 980 452 p.
1005 400 1082 438 »133
1116 399 1245 446 Mein.)
1290 398 1347 436 vel
1389 397 1556 437 Meri'aba
1595 399 1678 449 (16,
1702 400 1737 445 4,
1764 400 1813 438 19
1844 413 1880 451 p.
1904 400 2019 451 778),
2059 401 2182 440 Plinio
2215 402 2251 448 6,

467 469 531 517 28,
558 470 634 508 155
657 469 905 509 Mareliabata
930 469 999 517 (sic
1030 468 1147 518 libri),
1180 467 1398 506 Ptolemaeo
1423 467 1459 513 6,
1484 468 1520 514 7,
1545 467 1596 506 37
1619 467 1819 515 1110113310,
1847 481 2081 520 quamquam
2103 470 2250 509 Plinius

466 545 585 583 certe,
632 541 793 577 fortasse
832 537 968 577 Strabo
1018 549 1170 588 quoque
1215 542 1367 586 ponunt
1419 542 1614 586 tamquam
1654 549 1674 574 a
1717 536 1860 575 Mariba
1906 537 2000 576 Galli
2044 538 2251 585 diversum,

469 607 587 657 magis
620 612 750 645 estut
787 606 887 645 idem
931 606 999 644 sit:
1052 605 1163 643 Extat
1200 604 1324 643 adhuc
1363 603 1435 643 sub
1471 605 1605 643 eodem
1647 604 1804 643 1101111110
1849 606 2023 656 proxime
2068 606 2114 645 ab
2159 607 2253 646 urbe

467 676 576 721 Sana,
619 675 762 714 dictum
802 675 840 712 in
881 674 1001 712 titulis
1042 672 1290 724 Himjariticis
1333 672 1568 723 ill(a)rj(a)b,
1612 673 1723 711 hodie
1755 673 1887 713 Ma'rib
1921 674 2124 723 (Osiander
2154 676 2253 715 Zea-

464 744 599 795 scbre'ft
636 745 700 782 der
738 742 932 781 deutschen
971 742 1230 793 77101‘9eizlct'izd.
1274 740 1519 792 Gesellscbasc
1557 741 1627 780 vol.
1655 742 1703 780 10
1735 754 1771 793 p.
1795 742 1866 789 693
1904 743 1975 781 vol.
1999 742 2051 781 20
2082 756 2118 795 p.
2142 743 2251 793 266),

466 820 509 852 ut
540 812 711 863 Caripeta
748 824 901 862 quoque
932 824 952 848 a
982 810 1104 848 Plinio
1148 822 1221 849 11113
1265 822 1352 848 011111
1385 809 1529 848 Mariba
1570 809 1767 849 nominata
1805 810 1930 849 adhuc
1967 818 2143 863 superest
2179 813 2253 852 diei

464 881 599 920 itinere
630 895 649 919 a
680 881 820 919 Mariba
861 880 905 918 ad
938 879 1174 918 occidentem
1208 879 1307 918 dicta
1337 879 1526 917 Charibah
1557 880 1614 918 vel
1645 880 1783 931 plurali
1811 880 2017 920 Charibath
2049 881 2253 931 (Osiander

464 951 486 988 l.
510 963 540 989 c.
565 949 629 996 20,
660 949 771 995 275).
837 948 983 995 Quodsi
1020 948 1065 986 de
1106 948 1246 1000 oppido
1284 948 1426 987 Mariba
1464 960 1677 987 consensus
1715 954 1774 987 est
1819 948 1919 987 inter
1954 949 2173 1000 Augustum
2216 956 2253 989 et

468 1019 634 1069 reliquos
665 1023 852 1063 auctores,
885 1017 1083 1056 dissensus
1115 1017 1181 1068 qui
1212 1017 1362 1055 videtur
1392 1016 1495 1067 quod
1526 1016 1642 1056 adicit
1663 1017 1860 1067 Augustus
1891 1018 2110 1068 pervenisse
2142 1031 2252 1057 exer-

462 1088 579 1126 citum
613 1098 724 1138 usque
760 1088 801 1125 in
831 1085 924 1136 fines
954 1086 1197 1132 Sabaeorum,
1235 1098 1323 1125 cum
1357 1086 1486 1124 Gallus
1523 1086 1740 1138 pervenerit
1779 1086 1991 1125 secundum
2024 1087 2251 1126 Strabonem

461 1156 507 1195 ad
547 1155 855 1202 Rhammanitas,
896 1155 1106 1194 secundum
1148 1154 1316 1193 Plinium
1354 1155 1399 1193 ad
1439 1154 1646 1206 Calingios,
1693 1168 1737 1193 eo
1783 1155 1942 1194 omnino
1987 1156 2103 1202 redit,
2149 1156 2250 1208 quod

462 1228 655 1276 Augustus
686 1224 829 1276 pariter
857 1230 970 1275 atque
1001 1223 1168 1275 aequalis
1190 1224 1372 1262 Horatius
1404 1223 1538 1274 (carm.
1573 1225 1607 1270 1,
1631 1223 1696 1270 29,
1719 1223 1764 1261 2;
1796 1236 1920 1263 acrem
1948 1224 2119 1264 miliciam
2137 1238 2253 1277 paras

459 1306 535 1332 non
575 1301 659 1332 ante
696 1294 844 1333 devictis
884 1293 1036 1333 Sabaeis
1078 1294 1238 1345 regibus)
1280 1292 1451 1343 itemque
1494 1293 1626 1332 Graeci
1655 1292 1954 1344 Agatharchides
1985 1294 2251 1334 Artemidorus

462 1361 617 1412 (Strabo
643 1362 704 1409 16,
723 1362 759 1407 4,
787 1362 831 1401 19
853 1375 889 1414 p.
909 1362 1004 1409 778)
1022 1362 1212 1401 Diodorus
1232 1362 1382 1414 ipsique
1404 1362 1504 1401 tituli
1526 1361 1753 1413 Hinijaritici
1775 1362 1983 1413 (Osiander
2002 1363 2025 1401 l.
2043 1376 2074 1402 0.
2096 1364 2158 1411 10,
2181 1364 2251 1415 67)

460 1430 658 1469 meridiem
691 1430 849 1469 Arabiae
881 1430 1035 1470 Sabaeis
1067 1431 1260 1478 tribuunt,
1301 1430 1504 1482 geographi
1535 1436 1662 1469 autem
1701 1431 1874 1482 gentium
1906 1430 2101 1470 minorum
2133 1444 2251 1482 regno

459 1500 522 1538 illo
553 1499 921 1551 comprehensarum
953 1500 1109 1539 nomina
1140 1513 1281 1551 ponere
1312 1500 1544 1539 maluerunt.

592 1568 884 1620 Expeditionem
917 1569 1179 1620 Aethiopicam
1223 1575 1403 1608 enarrant
1434 1569 1572 1608 Strabo
1607 1569 1669 1615 17,
1696 1569 1729 1615 1,
1754 1569 1806 1606 54
1837 1582 1873 1620 p.
1897 1568 1989 1615 820,
2022 1568 2090 1607 Dio
2123 1569 2186 1615 54,
2210 1570 2247 1616 5,

459 1636 606 1676 Plinius
637 1637 674 1675 h.
697 1649 732 1675 n.
758 1638 794 1683 6,
817 1637 882 1684 29,
910 1636 999 1676 181.
1025 1637 1116 1676 182.
1153 1637 1374 1676 Imminutis
1398 1643 1556 1689 propter
1577 1636 1861 1688 expeditionem
1882 1637 2081 1675 Arabicam
2104 1636 2248 1675 Roma-

459 1717 598 1744 norum
637 1705 676 1743 in
707 1705 877 1757 Aegypto
918 1705 1117 1757 praesidiis
1149 1706 1320 1744 Candace
1357 1705 1488 1756 regina
1518 1705 1752 1756 Aethiopum
1784 1705 2044 1744 incursionem
2083 1705 2172 1744 fecit
2207 1705 2247 1744 in

459 1773 705 1820 Thebaidem,
749 1774 898 1825 Syenen
939 1780 977 1812 et
1012 1773 1290 1825 Elephantinen
1338 1780 1375 1812 et
1420 1773 1547 1812 Philas
1593 1774 1825 1825 expugnavit
1869 1774 1979 1813 victis
2025 1773 2247 1813 cohortibus

460 1842 581 1882 tribus
612 1842 665 1881 ibi
696 1843 733 1880 in
755 1842 956 1893 praesidiis
978 1843 1191 1893 agentibus,
1225 1849 1370 1882 statuas
1393 1842 1564 1882 Caesaris
1587 1843 1752 1882 deiectas
1776 1842 1911 1881 avexit.
1954 1842 2095 1882 Contra
2117 1843 2247 1882 hostes

457 1914 652 1962 profectus
683 1911 749 1962 qui
779 1917 950 1962 praeerat
979 1912 1148 1963 Aegypto
1171 1912 1210 1950 C.
1243 1911 1313 1962 (sic
1344 1911 1412 1950 Dio
1436 1911 1499 1959 54,
1524 1911 1594 1959 26;
1626 1911 1665 1950 Ρ.
1688 1911 1788 1962 apud
1810 1911 1979 1950 Plinium
2002 1911 2039 1956 6,
2061 1911 2128 1959 29,
2152 1911 2246 1959 181)

456 1979 660 2018 Petronius
703 1992 790 2018 cum
838 1979 1041 2018 hominum
1092 1980 1247 2019 milibus
1294 1980 1422 2019 minus
1470 1994 1508 2028 x,
1556 1980 1750 2031 equitibus
1795 1979 2025 2030 octingentis
2076 1979 2247 2031 primum

458 2047 590 2087 reiecit
621 2060 685 2087 eos
716 2047 905 2094 Pselchin,
945 2060 1110 2099 cumque
1152 2049 1197 2087 de
1235 2062 1327 2101 pace
1358 2050 1500 2088 frustra
1531 2056 1658 2088 actum
1691 2055 1804 2094 esset,
1836 2048 1914 2088 acie
1945 2061 2010 2087 eos
2040 2048 2131 2087 vicit
2160 2047 2248 2098 qui-

457 2129 531 2166 que
568 2129 645 2155 non
682 2116 875 2156 interfecti
913 2123 1060 2163 essent,
1099 2130 1233 2157 omnes
1272 2120 1350 2157 fere
1388 2131 1476 2157 cum
1514 2117 1676 2156 ducibus
1708 2117 1809 2168 cepit
1838 2117 2039 2169 ipsamque
2069 2116 2247 2155 Pselchin

456 2184 698 2236 expugnavit.
766 2185 858 2224 Inde
902 2185 1075 2236 pervenit
1119 2198 1187 2237 per
1225 2186 1410 2225 Premnin
1455 2185 1603 2237 aliaque
1648 2186 1786 2238 oppida
1832 2199 1851 2224 a
1893 2185 2017 2224 Plinio
2058 2184 2248 2224 recensita

455 2253 610 2305 Napata,
653 2267 750 2305 quae
782 2254 882 2305 regia
913 2260 994 2293 erat
1026 2254 1229 2302 Candaces,
1268 2267 1387 2306 eaque
1427 2255 1520 2294 item
1562 2254 1663 2305 cepit
1701 2260 1739 2293 et
1776 2253 1894 2293 diruit
1931 2241 2249 2305 captivosque'et

456 2329 601 2362 statuas
631 2323 795 2375 recepit3
828 2323 930 2362 unde
961 2324 1120 2362 domum
1151 2323 1265 2363 rediit
1295 2323 1483 2374 praesidio
1516 2323 1646 2361 relicto
1675 2322 1844 2361 Premni.
1887 2322 1942 2360 Ex
1963 2322 2123 2374 captivis
2143 2322 2247 2361 mille

456 2391 563 2430 misit
600 2392 647 2430 ad
675 2392 894 2443 Augustum
932 2398 1015 2431 tum
1054 2405 1179 2444 nuper
1215 2405 1413 2431 reversum
1446 2392 1492 2430 ab
1523 2391 1763 2443 expeditione
1795 2392 2038 2440 Cantabrica3
2069 2404 2246 2431 reversus

456 2466 584 2499 autem
616 2473 661 2499 ex
692 2474 734 2500 ea
765 2466 824 2500 est
844 2474 875 2499 a.
900 2460 979 2500 730
1008 2461 1228 2512 incipiente.
1278 2461 1489 2500 Redierunt
1518 2467 1645 2499 tamen
1675 2473 1765 2499 mox
1795 2461 2002 2512 Aethiopes
2033 2460 2078 2500 ad
2109 2460 2247 2500 Prem-

455 2528 522 2567 nin
570 2530 883 2581 oppugnandam,
929 2531 995 2569 sed
1032 2543 1119 2569 cum
1157 2530 1203 2569 iis
1241 2530 1414 2569 celeriter
1452 2529 1621 2569 obiceret
1656 2542 1695 2568 50
1733 2529 1951 2576 Petronius,
1992 2541 2083 2581 pace
2119 2529 2246 2568 denuo

456 2599 681 2638 confirmata
720 2599 833 2650 legati
870 2599 1102 2650 Aethiopum
1143 2605 1405 2638 convenerunt
1435 2599 1652 2650 Augustum
1687 2598 1804 2645 Sami,
1836 2597 1902 2636 ubi
1932 2597 2091 2649 degebat
2119 2597 2247 2636 hieme

456 2680 489 2705 a.
523 2666 658 2710 73324.
718 2667 774 2706 Ex
805 2680 921 2719 supra
952 2668 1062 2707 dictis
1092 2680 1181 2706 cum
1213 2675 1392 2719 appareat
1423 2667 1566 2706 bellum
1598 2667 1769 2718 coepisse
1805 2672 1887 2706 tum
1926 2678 2015 2706 cum
2047 2666 2176 2705 Gallus
2205 2665 2246 2704 in

455 2736 591 2774 Arabia
621 2736 856 2783 versabatur,
887 2736 925 2774 id
957 2743 1014 2775 est
1052 2749 1083 2774 a.
1124 2736 1211 2780 729,
1225 2736 1326 2782 730,
1372 2735 1568 2787 probabile
1613 2742 1671 2775 est
1712 2735 1909 2774 Candacen
1955 2735 1994 2773 in
2030 2735 2244 2786 Aegyptum

455 2804 667 2855 ingressam
706 2818 788 2844 esse
825 2817 893 2856 per
924 2818 955 2843 a.
980 2805 1076 2851 730,
1115 2805 1338 2844 Ρο11·011111111
1371 2811 1503 2844 0011113
1535 2817 1617 2843 03111
1650 2804 1707 2843 1115
1739 2803 1964 2849 111111111111111,
1996 2805 2157 2842 fortasse
2188 2808 2246 2840 ter

455 2873 735 2924 expeditionem
774 2873 909 2912 fecisse
941 2886 1009 2925 per
1039 2886 1161 2912 annos
1191 2876 1354 2912 10113550
1386 2873 1478 2920 730,
1517 2879 1621 2912 00110
1654 2872 1730 2911 731
1764 2878 1802 2911 01
1834 2871 1925 2911 732.
1985 2871 2100 2910 Recte
2129 2871 2246 2922 igitur

455 2941 652 2991 Augustus
690 2948 894 2993 utramque
926 2942 1208 2993 expeditionem
1240 2942 1365 2981 dicere
1395 2942 1523 2993 potuit
1553 2942 1678 2981 eodem
1713 2942 1794 2992 fere
1831 2948 1991 2992 tempore
2026 2945 2244 2990 susceptam

456 3022 551 3048 esse.
602 3010 718 3049 Recte
749 3010 863 3049 etiam
896 3010 977 3057 Dio,
1009 3023 1123 3061 quem
1156 3017 1311 3061 apparet
1342 3017 1446 3061 gesta
1477 3016 1609 3049 contra
1639 3008 1845 3059 Aethiopes
1876 3008 2078 3047 coniuncta
2110 3019 2243 3045 narra-
