2430 3394
502 141 583 181 114
1287 139 1330 181 V,
1358 140 1493 174 24—31

497 256 712 309 βασιλέως
744 255 883 310 ὄνομα
914 256 956 304 ἐς
986 257 1062 311 τὴν
1092 255 1328 310 ἐπιστολὴν
1358 256 1414 309 μὴ
1446 252 1672 309 ἐγγράψας
1702 256 1773 295 καὶ
1804 255 1879 309 τὴν
1901 255 2130 307 βασιλείαν
2152 256 2290 310 δῆθεν

498 325 598 378 παρ’
630 321 761 365 αὐτοῦ
791 323 940 382 ᾔτησε·
978 324 1148 371 τούτοις
1177 320 1253 364 οὖν
1284 322 1504 374 ὑπαχθεὶς
1531 324 1603 363 καὶ
1634 323 1709 364 τὸν
1740 321 1934 375 πόλεμον
1955 320 2045 376 ἅμα
2066 325 2147 364 τῶν
2171 323 2289 377 Πάρ-

498 393 596 434 θων
626 393 845 446 φοβηθεὶς
882 393 934 433 τά
971 409 1015 434 τε
1057 393 1176 446 ὁιῦρα
1211 391 1386 438 ἐδέξατο
1419 391 1491 431 καὶ
1522 392 1611 445 μετ’
1643 390 1837 432 ἐλπίδων
1867 387 1998 431 αὐτὸν
2027 393 2220 446 χρηστῶν
2250 391 2292 440 ἒς

498 460 573 514 τὴν
602 463 765 515 Συρίαν
803 461 911 515 πρὸς
948 461 1020 501 τὸν
1058 459 1188 501 Γάιον
1224 459 1376 500 ἐλθεῖν
1418 460 1646 511 ἐκέλευσε).
1707 460 1780 499 Sed
1816 465 1905 499 ante
1942 473 2057 511 quam
2090 461 2206 500 Gaius
2246 474 2290 500 eo

498 530 613 576 venit,
646 530 828 581 Tigranes
860 531 897 569 in
930 531 1073 582 proelio
1095 536 1225 569 contra
1250 529 1433 568 barbaros
1454 530 1663 568 commisso
1683 529 1910 568 interfectus
1933 535 2003 575 est,
2024 529 2139 569 Erato
2161 537 2290 569 autem

498 611 614 649 regno
655 612 695 638 se
731 599 919 639 abdicavit
957 599 1040 646 (Dio
1073 600 1137 644 55,
1164 599 1261 638 1021:
1300 599 1457 650 καίπερ
1496 598 1571 637 τοῦ
1609 595 1824 650 Τιγράνου
1863 595 1908 636 ἐκ
1946 596 2141 650 πολέμου
2177 597 2292 645 τινος

498 665 766 720 βαρβαρικοῦ
803 667 1051 719 φθαρέντος
1088 665 1159 705 καὶ
1198 666 1271 720 τῆς
1295 665 1487 718 Ερατοῧς
1527 664 1599 719 τήν
1629 663 1762 719 ἀρχὴν
1793 662 2017 719 ἀφείσης),
2056 666 2093 705 id
2125 667 2227 717 quod
2260 667 2293 706 si

498 749 576 775 non
606 749 625 774 a
656 735 809 774 Parthis
840 735 945 786 ipsis,
978 741 1079 773 certe
1113 734 1383 786 instigantibus
1417 735 1462 773 iis
1494 737 1637 774 factum
1660 739 1738 781 est;
1769 746 1858 772 nam
1881 739 2085 785 postquam
2109 734 2292 786 Tigranes

498 805 672 855 Augusto
703 817 743 843 se
775 803 955 850 subiecit,
988 809 1291 843 consentaneum
1324 803 1383 842 est
1413 803 1644 842 Parthorum
1676 802 1883 841 factionem
1915 815 2003 841 eum
2035 803 2292 843 adversariam

498 873 691 912 habuisse.
756 874 938 924 Spectant
975 886 1019 911 eo
1056 872 1169 911 verba
1208 872 1350 923 quibus
1388 871 1547 910 Ovidius
1588 871 1626 909 in
1657 871 1750 909 artis
1788 871 1994 910 amatoriae
2031 871 2128 910 libro
2166 872 2292 924 primo

499 941 549 991 (v.
586 942 677 989 195)
717 940 819 979 edito
857 952 890 978 a.
924 940 1003 978 752
1041 941 1177 979 Gaium
1215 940 1434 991 adloquitur
1472 940 1609 978 ducem
1642 940 1878 979 destinatum
1910 940 2164 992 expeditionis
2195 955 2294 993 quae

498 1009 705 1060 parabatur
741 1008 780 1047 in
810 1008 1056 1047 Armeniam:
1099 1022 1181 1048 cam
1213 1009 1281 1048 tibi
1308 1011 1382 1047 sint
1411 1010 1566 1059 fratres,
1596 1009 1742 1059 fratres
1772 1008 1948 1048 ulciscere
1979 1009 2108 1056 laesos,
2140 1023 2293 1063 cumque

494 1084 604 1128 pater
634 1078 701 1116 tibi
725 1080 782 1124 sa,
812 1080 901 1117 iura
922 1084 1024 1117 tuere
1041 1081 1181 1130 patris:
1213 1079 1337 1117 imbuit
1359 1090 1469 1116 arma
1489 1078 1557 1116 aba·
1572 1080 1720 1128 yem'tor
1740 1080 1954 1129 patriaeque
1977 1085 2155 1129 masmim·
2185 1079 2295 1118 hostis

498 1146 543 1184 ab
574 1148 690 1185 invito
721 1158 838 1197 reflua
863 1154 1021 1197 parente
1051 1149 1162 1198 rapit.
1206 1146 1338 1185 Parthi
1368 1145 1486 1196 igitur
1515 1159 1535 1184 a
1566 1146 1750 1184 Romanis
1772 1146 2026 1197 culpabantur
2046 1146 2084 1184 in
2108 1147 2292 1186 Armenia

498 1220 535 1253 et
564 1214 685 1266 patris
714 1214 774 1254 ius
805 1220 843 1253 et
872 1217 1035 1254 fratrum
1067 1215 1242 1263 laesisse3
1275 1214 1338 1253 ubi
1360 1216 1497 1253 fratres
1527 1214 1705 1253 videntur
1727 1228 1810 1253 esse
1832 1214 2016 1265 Tigranes
2038 1214 2085 1253 IV
2107 1220 2145 1254 et
2166 1215 2293 1263 Erato,

498 1288 607 1335 pater
644 1283 746 1322 idem
778 1283 981 1334 Tigranes,
1020 1284 1247 1323 Phraataces
1284 1283 1503 1323 insimulari
1541 1283 1625 1322 illos
1666 1296 1784 1334 regno
1824 1284 1973 1335 privare
2012 1283 2104 1322 velle
2136 1290 2174 1323 et
2204 1296 2293 1323 cum

498 1352 544 1390 iis
583 1352 743 1403 stirpem
776 1352 950 1403 Tigranis
986 1352 1069 1391 loeo
1109 1358 1270 1404 paterno
1308 1352 1461 1403 pellere.
1522 1351 1618 1391 Utut
1656 1359 1714 1391 est
1751 1352 1859 1404 (nam
1890 1352 1929 1390 id
1959 1351 2088 1403 ipsum
2120 1353 2223 1403 quod
2254 1353 2295 1392 in

498 1426 628 1459 mente
666 1421 800 1460 habuit
837 1427 966 1472 poeta,
1011 1421 1122 1460 nobis
1161 1433 1238 1459 11011
1269 1420 1399 1459 datum
1434 1426 1492 1459 est
1521 1420 1721 1471 adsequi),
1762 1421 1960 1472 Augustus
1991 1433 2079 1459 cum
2112 1428 2294 1460 extraneo

499 1489 587 1528 duci
616 1489 883 1528 Armeniacam
925 1489 1208 1542 expeditionem
1243 1489 1468 1541 permittere
1507 1489 1627 1528 nollet
1663 1489 1846 1538 (Zonaras
1888 1490 1950 1536 10,
1973 1489 2044 1528 26:
2083 1489 2166 1529 τῶν
2201 1486 2295 1543 Ἀρ-

498 1557 658 1609 μενίων
696 1555 743 1596 δὲ
775 1556 1122 1610 νεωτερισάντων
1153 1557 1226 1597 καὶ
1258 1558 1342 1597 τῶν
1374 1555 1571 1610 Πάρθων
1612 1554 1762 1604 αὗτοῖς
1799 1554 2117 1608 συνεργούντων
2155 1553 2297 1607 ἀλγῶν

498 1622 575 1665 ἐπὶ
615 1624 784 1673 τούτοις
825 1623 847 1665 ὁ
885 1624 1137 1676 Αὔγουστος
1176 1621 1333 1679 ἦπόρει
1365 1627 1406 1664 τί
1445 1623 1499 1665 ἄν
1537 1623 1704 1679 πράξῃ·
1747 1623 1844 1665 οὔτε
1883 1624 1963 1677 γὰρ
2003 1621 2129 1672 αὐτὸς
2168 1635 2297 1680 στρα-

498 1693 648 1733 τεῦσαι
689 1684 779 1740 οἷος
818 1708 863 1733 τε
894 1690 943 1747 ῆν
973 1692 1050 1733 διὰ
1077 1695 1227 1748 γῆρας,
1272 1691 1296 1734 ὅ
1327 1709 1371 1733 τε
1410 1695 1611 1747 Τιβέριος
1643 1725 1651 1733 .
1672 1725 1680 1733 .
1701 1725 1709 1734 .
1742 1695 1919 1747 μετέστη
1956 1692 2054 1748 ἤδη,
2087 1692 2218 1735 ἄλλον
2250 1692 2297 1734 δέ

498 1777 594 1803 τινα
624 1764 803 1816 πέμψαι
835 1763 920 1803 τῶν
942 1762 1136 1804 δυνατῶν
1159 1760 1233 1803 οὒκ
1255 1761 1448 1816 ἐτόλμα),
1482 1768 1637 1802 coactus
1658 1776 1727 1815 per
1748 1763 1902 1815 aliquod
1926 1769 2077 1815 tempus
2099 1764 2296 1816 quiescere

499 1845 532 1871 a.
555 1832 712 1871 demum
746 1832 838 1879 753,
871 1845 958 1871 cuin
993 1833 1107 1872 Gaius
1139 1833 1240 1872 lilius
1272 1832 1499 1871 vicesimum
1531 1844 1675 1871 annum
1708 1832 1916 1883 attigisset,
1955 1845 2045 1871 eum
2075 1832 2115 1872 in
2147 1833 2298 1885 Syriam

499 1901 617 1939 misit.
678 1902 754 1940 Iam
793 1914 882 1940 vero
924 1914 1012 1940 cum
1044 1907 1133 1941 ante
1164 1902 1371 1941 adventum
1404 1901 1486 1939 eius
1517 1907 1555 1940 et
1585 1901 1812 1940 Artavasdes
1843 1901 2003 1940 obiisset
2034 1907 2072 1940 et
2101 1901 2296 1953 Tigranes,

500 1969 636 2017 Gaius,
679 1976 723 2008 nt
758 1969 811 2009 ait
848 1970 1046 2021 Augustus
1082 1971 1183 2022 ipse,
1232 1969 1454 2009 Armeniam
1492 1971 1699 2020 regendam
1739 1970 1896 2009 tradidit
1935 1969 2182 2009 Ariobarzani
2219 1970 2298 2022 regi

500 2038 698 2077 Medorum
732 2039 830 2089 regis
861 2039 1081 2078 Artavasdis
1113 2039 1191 2077 filio
1223 2038 1257 2077 ei
1288 2039 1333 2077 de
1365 2052 1442 2089 quo
1474 2051 1588 2090 supra
1621 2038 1800 2078 diximus.
1853 2039 2110 2078 Consentiunt
2141 2039 2296 2078 Tacitus

499 2120 587 2146 ann.
620 2107 660 2154 2,
690 2106 736 2145 3:
780 2106 819 2145 C.
855 2106 995 2146 Caesar
1026 2137 1034 2146 .
1055 2138 1063 2146 .
1084 2138 1092 2146 .
1124 2108 1421 2147 Ariobarzanem
1463 2110 1604 2159 oreffl'ae
1647 2107 1799 2146 Medum
1836 2108 1878 2146 ob
1916 2110 2097 2159 inszynem
2133 2111 2298 2159 corporis

498 2177 664 2227 sormam
700 2182 733 2214 et
768 2175 1011 2226 praeclarum
1047 2179 1215 2215 (aninam
1250 2176 1458 2216 volentibus
1490 2176 1675 2215 Armeniis
1712 2177 1894 2228 praefecit
1934 2182 1972 2215 et
2001 2176 2040 2215 in
2073 2176 2296 2215 universum

500 2244 568 2282 Dio
592 2245 656 2290 55,
682 2244 782 2284 lOa:
823 2240 1102 2297 οἳἈρμένιοι
1135 2275 1143 2284 .
1162 2275 1170 2283 .
1197 2241 1525 2296 Ἀριοβαρζάνει
1561 2243 1642 2283 τινὶ
1678 2241 1836 2297 ΖΗήδῳ,
1870 2241 1916 2291 ὅς
1947 2259 2054 2284 ποτε
2084 2244 2192 2297 μετὰ
2223 2245 2298 2284 τοῦ

508 2310 744 2364 Τιριδάτου
783 2311 892 2363 πρὸς
929 2312 1027 2360 τους
1060 2311 1299 2365 Ῥωμαίους
1344 2310 1505 2366 ἀφῖκτο
1551 2311 1865 2364 παρεδίδοντο,
1912 2327 2147 2365 quamquam
2193 2314 2297 2354 hunc

500 2387 658 2434 apparet
687 2381 922 2432 ignoravisse
953 2394 1043 2421 eum
1074 2395 1153 2421 non
1186 2382 1358 2421 ‘Medum
1391 2381 1601 2433 quendam'
1633 2381 1772 2429 fuisse,
1814 2383 1880 2421 sed
1912 2383 2055 2422 Mediae
2085 2396 2227 2434 regem,
2259 2389 2298 2422 et

500 2451 561 2489 vix
601 2462 735 2489 verum
774 2450 930 2490 tradidit
962 2451 1008 2489 de
1038 2450 1121 2489 eius
1153 2463 1241 2489 cuin
1274 2450 1443 2489 Tiridate
1474 2450 1519 2488 ad
1550 2450 1745 2489 Romanos
1776 2451 1954 2490 adventu.
2015 2451 2109 2491 Nam
2149 2451 2296 2491 venisse

501 2519 548 2558 ad
578 2519 797 2569 Augustum
837 2532 925 2558 eum
968 2526 1267 2559 consentaneum
1301 2525 1359 2558 est
1390 2532 1478 2557 cum
1510 2525 1616 2570 patre
1647 2519 1854 2558 Artavasde
1891 2533 1923 2558 a.
1957 2520 2054 2568 724,
2093 2533 2171 2559 non
2207 2526 2296 2572 post

501 2594 683 2639 quattuor
730 2589 808 2626 fere
849 2601 971 2627 annos
1015 2602 1104 2627 cum
1145 2588 1312 2627 Tiridate
1351 2588 1510 2634 Partho3
1555 2588 1782 2639 videturque
1819 2589 1880 2627 hic
1921 2601 2029 2628 error
2065 2589 2295 2629 coniunctus

502 2670 585 2696 esse
623 2669 711 2696 cum
749 2657 868 2696 altero
908 2657 1040 2695 Dionis
1081 2660 1210 2708 fugam
1252 2657 1432 2696 Tiridatis
1470 2660 1659 2696 referente
1700 2657 1746 2695 ad
1786 2670 1818 2696 a.
1852 2657 1944 2696 724.
2004 2658 2127 2709 Elegit
2165 2663 2293 2697 autem

501 2727 698 2777 Augustus
730 2737 819 2764 eum
850 2725 1098 2777 potissimum
1130 2740 1208 2765 non
1242 2727 1366 2765 solum
1396 2726 1443 2765 ob
1466 2739 1528 2764 eas
1551 2739 1697 2773 causas,
1729 2739 1824 2777 quas
1856 2726 2010 2765 Tacitus
2040 2726 2194 2773 indicat,
2228 2727 2293 2766 sed

502 2800 697 2845 praeterea
741 2794 842 2845 quod
875 2794 993 2845 stirps
1024 2795 1126 2845 regia
1158 2795 1357 2834 Medorum
1391 2808 1478 2833 eum
1510 2795 1690 2833 Armenia
1722 2800 1805 2833 tum
1837 2793 2012 2833 videlicet
2042 2794 2207 2833 extincta
2237 2795 2294 2833 af-

502 2862 588 2901 linis
620 2869 701 2901 erat
733 2865 781 2908 (v.
807 2862 1008 2901 Strabonis
1040 2864 1154 2902 verba
1185 2877 1299 2915 supra
1331 2878 1368 2916 p.
1390 2864 1466 2902 110
1500 2864 1621 2902 adlata
1643 2863 1778 2902 collato
1800 2863 1883 2901 loco
1906 2862 2079 2902 Suetonii
2100 2863 2196 2914 Aug.
2219 2862 2290 2902 48:

502 2943 606 2983 reyes
642 2933 756 2970 socios
796 2935 906 2970 etiam
944 2934 1041 2970 inter
1076 2935 1171 2983 ipsos
1201 2933 1531 2973 necessitmlz‘m‘bus
1562 2935 1703 2971 minuis
1731 2934 1869 2978 ianaa't,
1896 2933 2192 2983 promptissimas
2224 2931 2292 2970 ad-

502 3001 657 3051 finitatis
693 3003 868 3053 cm‘usqae
909 3007 1016 3052 caque
1054 3003 1235 3040 smm‘cicz'ae
1275 3001 1491 3040 conciliator
1530 3008 1562 3040 ec
1598 3000 1748 3052 fautor)
1780 3006 1818 3039 et
1847 2999 1950 3051 quod
1981 3012 2104 3051 nuper
2134 2999 2292 3038 Artaxes

507 3075 580 3108 tam
603 3069 805 3109 Armeniae
836 3083 950 3120 quani
975 3069 1116 3109 Mediae
1138 3069 1433 3120 iinperittwerat.
1475 3068 1768 3107 Ariobarzanem
1792 3069 1894 3119 quod
1916 3067 2131 3106 volentibus
2152 3067 2287 3105 Arme-
