2227 3452
1931 181 1985 216 XI

188 300 400 340 vinciarum
456 299 642 338 divisione
687 299 888 338 adiunctos
934 297 1166 344 decrevisse⁷
1220 303 1264 337 ut
1308 298 1550 348 Augusteum
1596 300 1704 339 fieret
1748 300 1981 352 Apolloniae,

189 369 358 419 Utraque
397 368 510 406 aedes
547 368 717 406 dedicata
754 368 905 406 videtur
945 379 1028 405 esse
1065 366 1238 415 Augusto
1277 365 1379 412 vivo,
1419 366 1600 416 quoniam
1639 370 1742 417 quod
1779 369 1907 408 Asiani
1946 376 1984 408 et

189 436 345 488 Bithyni
388 442 476 488 post
516 436 712 475 victoriam
759 436 949 474 Actiacam
987 437 1180 475 fecerunt.
1228 434 1378 472 Galatas
1417 440 1455 472 et
1492 434 1638 472 Pisidas
1679 448 1767 474 mox
1812 437 1982 476 imitatos

190 517 274 543 esse
320 510 622 543 consentaneum
669 510 738 543 est.
809 504 1009 542 Praeterea
1046 503 1183 542 titulus
1228 502 1332 541 aedis
1371 503 1651 554 Apolloniensis
1683 504 1734 542 ita
1774 513 1982 557 conceptus

188 578 258 619 est,
290 578 334 611 ut
364 572 517 611 Tiberio
549 572 720 611 nondum
753 573 927 623 Augusto
958 572 1145 610 honorem
1178 571 1379 622 haheat1);
1410 572 1632 622 Ancyranae
1662 578 1789 610 autem
1821 574 1983 623 Augusti

188 641 510 679 commentarium
543 647 631 692 post
661 642 799 679 factam
834 653 915 679 eam
948 640 1115 679 incisum
1147 652 1231 678 esse
1263 653 1307 678 ex
1338 639 1499 677 aedificii
1530 639 1754 678 condicione
1786 641 1981 680 architecti

187 709 397 747 effecerunt
436 709 536 760 (vide
566 709 664 747 infra
696 712 850 760 p.x111).
906 708 1038 758 Itaque
1075 708 1187 746 aedes
1219 708 1302 746 illae
1333 719 1411 746 non
1444 709 1711 747 commentarii
1743 709 1984 760 proponendi

188 789 299 816 causa
332 778 525 816 dedicatae
558 783 669 823 sunt,
707 777 771 815 sed
806 776 925 826 magis
957 776 1212 815 constitutum
1245 783 1321 822 est,
1362 782 1405 814 ut
1437 775 1500 814 ubi
1532 776 1726 826 Augustea
1757 784 1899 823 essent,
1932 777 1982 815 ibi

187 845 490 884 commentarius
522 845 560 883 in
592 844 685 897 ipsis
717 851 1008 896 proponeretur.

320 914 591 965 Interpretatio
623 914 762 952 Graeca
796 926 882 952 cum
916 913 1047 951 eadem
1082 912 1131 951 sit
1162 913 1199 951 in
1232 918 1395 963 utroque
1427 912 1647 963 exemplari,
1680 912 1737 950 vel
1768 911 1855 950 inde
1877 912 1984 950 colli-

187 984 290 1034 gitur
334 996 416 1021 ean]
466 995 543 1021 non
586 982 710 1021 redire
757 982 802 1020 ad
845 982 1040 1020 decretum
1084 981 1237 1030 aliquod
1276 981 1353 1019 sive
1390 982 1680 1032 Ancyramirum
1720 980 1867 1019 ordinis
1906 981 1984 1019 sive

186 1051 538 1103 Apolloniensium‚
576 1056 614 1089 et
655 1050 821 1089 Romani
860 1050 1027 1088 bominis
1065 1062 1148 1088 esse
1186 1050 1285 1088 infra
1324 1063 1359 1101 p.
1397 1050 1471 1088 197
1514 1049 1757 1088 ostendimus
1798 1049 1861 1087 ubi
1898 1050 1982 1087 data

187 1133 301 1172 opera
343 1121 389 1158 de
427 1133 469 1158 ea
510 1119 727 1170 exponitur.
788 1119 919 1169 ltaque
959 1118 1112 1169 publico
1149 1118 1307 1157 consilio
1338 1125 1405 1157 aut
1435 1118 1578 1156 Romae
1610 1120 1706 1156 faeta
1738 1124 1796 1156 cst
1826 1124 1863 1156 et
1893 1130 1981 1156 cum

186 1182 466 1228 commentario
505 1188 641 1226 Latino
682 1187 726 1225 ad
765 1186 936 1225 civitates
977 1187 1137 1225 Graecas
1181 1186 1296 1224 missa
1333 1193 1399 1225 aut
1436 1187 1582 1237 legatus
1616 1187 1781 1225 Galatiae
1820 1192 1983 1237 utraque

185 1257 414 1308 exemplaria
461 1268 548 1296 cum
597 1255 816 1294 civitatibus
862 1255 933 1293 sibi
979 1255 1144 1293 subditis
1185 1255 1496 1293 communicavit.
1563 1256 1618 1293 Ad
1657 1255 1754 1293 hauc
1795 1255 1980 1305 originem

185 1325 291 1365 ducit
321 1325 422 1375 quod
454 1330 510 1363 est
543 1324 714 1375 Ancyrae
745 1324 783 1362 in
815 1323 1116 1375 praescriptione
1151 1323 1282 1362 Latina
1313 1324 1508 1374 easemplar
1544 1325 1737 1369 ube'eccmn,
1771 1323 1809 1361 in
1842 1324 1982 1363 Graeca

183 1394 591 1446 μεθηρμηνὲυμέναι
635 1388 969 1444 ι”πεγράᾳησανς
1017 1399 1198 1431 neutrum
1246 1392 1347 1430 enim
1400 1404 1488 1431 cum
1541 1393 1585 1431 ad
1631 1393 1776 1436 locum,
1824 1393 1861 1430 in
1907 1405 1982 1443 quo

184 1467 380 1514 prostant‚
423 1467 526 1500 recte
564 1461 795 1513 applicetur,
840 1461 1053 1500 subiciendi
1091 1461 1318 1499 vocabulum
1358 1461 1513 1512 proprie
1552 1463 1716 1500 refertur
1751 1461 1796 1499 ad
1835 1461 1983 1499 instru-

186 1538 315 1570 menta
356 1530 530 1582 epistulis
573 1530 752 1569 edictisve
796 1530 987 1568 adiuncta.
1055 1530 1115 1569 Sic
1159 1537 1218 1569 est
1263 1530 1300 1568 in
1347 1530 1510 1581 epistula
1548 1530 1604 1567 l'ii
1642 1530 1722 1580 Dig.
1754 1529 1826 1572 48,
1860 1529 1904 1574 G,
1938 1530 1980 1567 ss:

184 1599 394 1650 eaeemplum
439 1599 557 1638 libelle·
593 1600 672 1638 dale?
706 1599 796 1638 milei
825 1629 833 1637 .
859 1630 865 1637 .
891 1629 897 1636 .
928 1600 1046 1638 subici
1081 1602 1187 1645 insse}
1233 1600 1332 1650 apud
1372 1599 1540 1637 Plinium
1584 1611 1717 1650 paneg.
1742 1598 1819 1637 20:
1868 1598 1981 1638 edicto

184 1668 384 1714 subiecisti,
426 1667 515 1719 quid
548 1670 588 1706 in
620 1674 817 1719 utrumque
848 1675 1011 1707 vestrum
1041 1675 1132 1706 esset
1162 1671 1392 1719 2'ttzpetaesit1223
1433 1668 1471 1706 in
1503 1668 1666 1719 epistula
1698 1670 1980 1718 praelectorum

184 1736 375 1787 praetorio
397 1736 436 1775 C.
460 1736 522 1782 IX,
543 1736 673 1775 2438:
706 1736 919 1787 exemplum
950 1737 1129 1788 epistulae
1152 1739 1308 1788 scriptae
1330 1737 1434 1776 nobis
1466 1767 1473 1774 .
1497 1767 1504 1775 .
1532 1766 1539 1774 .
1563 1749 1645 1775 cnm¹
1666 1736 1719 1775 his
1741 1749 1834 1788 qnae
1854 1738 1981 1774 iwecta

183 1812 290 1844 erant
326 1805 546 1844 subiecimus
583 1812 621 1843 et
660 1805 699 1843 in
737 1805 853 1843 altera
893 1805 1021 1844 liberti
1059 1818 1078 1844 a
1109 1805 1325 1844 rationibus
1357 1805 1517 1844 ibidem:
1559 1805 1773 1856 eaeemplwn
1803 1805 1981 1856 epistulae

182 1876 340 1924 scriptae
372 1874 462 1912 mihi
491 1904 498 1911 .
524 1903 563 1911 ..
595 1874 750 1920 subz'ece'3
783 1874 822 1912 in
853 1873 1017 1925 epistula
1058 1874 1198 1926 scripta
1239 1874 1284 1913 ad
1324 1875 1414 1926 imp.
1450 1874 1634 1913 Severum
1668 1874 1706 1912 C.
1733 1874 1789 1912 vt.
1817 1874 1979 1912 15S5a:

181 1942 386 1981 secundum
423 1942 589 1990 {medas}
620 1972 626 1979 .
652 1972 658 1979 .
685 1972 723 1980 ..
759 1943 863 1994 [quas
892 1943 976 1982 lem'c
1008 1943 1141 1992 libello}
1172 1944 1329 1990 subiere}
1362 1943 1399 1981 in
1432 1943 1566 1982 edictis
1599 1942 1755 1993 strategi
1777 1942 1982 1981 Thebaidis

182 2008 222 2047 C.
244 2010 271 2047 I.
296 2010 359 2048 Gr.
383 2010 511 2049 4956:
554 2010 625 2063 ῖῆς
656 2012 939 2063 πεμφθείσης
969 2025 1076 2060 μοι.
1103 2040 1110 2048 .
1136 2039 1145 2047 .
1175 2009 1410 2065 ἐπιπολῆς
1442 2010 1520 2050 σὺν
1558 2011 1616 2063 τῷ
1651 2007 1980 2063 ὑποτεταγμένῳ

181 2075 486 2130 προστάγματι
518 2076 571 2116 τὰ
602 2075 848 2132 ἀντίγραφα
882 2076 1005 2131 ὑμεῖν
1038 2076 1282 2129 ὑποῖέῑαχα
1313 2086 1351 2118 et
1373 2079 1411 2118 C.
1436 2080 1461 2117 Ι.
1486 2080 1548 2118 Gr.
1573 2080 1703 2118 4957:
1736 2078 1811 2117 τοῦ
1835 2091 1981 2131 πεμφ-

182 2146 337 2192 θέντος
369 2159 443 2198 μοι
477 2144 770 2199 διατάγμαῑος
794 2177 802 2186 .
825 2178 833 2185 .
859 2179 865 2185 .
891 2147 936 2187 ‘ro
970 2145 1238 2200 ἀντίγραφον
1263 2144 1386 2200 ὑμεῖν
1409 2144 1613 2193 ὑπέῑαξα.
1657 2147 1844 2186 Videntur
1864 2147 1982 2198 igitur

182 2213 430 2264 magistratus
468 2214 659 2266 Aneyrani
703 2222 857 2267 accepta
901 2216 1012 2267 legati
1050 2216 1214 2268 epistula
1251 2228 1339 2255 cum
1384 2216 1557 2255 subiecto
1598 2215 1806 2267 exemplari
1844 2215 1980 2254 Latino

304 2371 336 2415 ⁴¹)
363 2376 476 2408 Aliter
502 2382 618 2409 censet
645 2376 947 2418 Waddingtouiusg
974 2379 1030 2409 sed
1060 2379 1089 2410 si
1115 2380 1301 2421 imperante
1328 2378 1464 2410 Tiberio
1492 2379 1591 2410 aedes
1611 2378 1762 2411 dedicata
1786 2384 1888 2419 esset,
1914 2380 1981 2411 Au-

179 2433 269 2474 gusti
295 2443 410 2465 nomen
444 2434 476 2465 in
510 2444 546 2465 eo
583 2445 645 2465 non
674 2435 937 2467 desideraretur.
994 2433 1105 2471 Θεοὺς
1130 2431 1332 2476 Σεβασῑούς
1364 2438 1449 2469 idem
1475 2443 1566 2469 recte
1594 2437 1766 2469 intellexit
1796 2437 1981 2477 significari

178 2491 365 2531 Augustum
391 2495 425 2522 et
450 2489 590 2530 Liviam,
626 2496 659 2522 et
692 2501 805 2523 verum
838 2498 890 2525 est
920 2494 993 2526 iure
1018 2495 1101 2525 hanc
1128 2495 1310 2533 Augustam
1338 2495 1461 2526 dictam
1487 2505 1561 2527 esse
1590 2499 1664 2537 post
1689 2499 1828 2526 mortem
1855 2495 1981 2526 demum

178 2547 302 2578 mariti.
351 2547 414 2579 Sed
440 2545 567 2579 Graeca
601 2548 751 2580 adulatio
784 2549 907 2581 similia
941 2562 1039 2593 saepe
1067 2551 1249 2591 commisit3
1285 2557 1319 2584 et
1344 2557 1379 2583 ut
1405 2553 1534 2583 mittam
1560 2562 1707 2583 nummos
1733 2551 1980 2592 Magnesiorum

179 2603 218 2634 ad
244 2603 395 2645 Sipylum
427 2604 584 2635 lectionis
618 2615 731 2646 parum
766 2611 879 2638 certae
905 2606 1046 2647 (Eckhel
1074 2608 1093 2639 6
1119 2619 1148 2649 p.
1173 2608 1251 2647 1533
1286 2607 1326 2639 ef.
1354 2607 1506 2640 Mionnet
1532 2609 1562 2640 5.
1590 2610 1620 2649 7,
1645 2610 1710 2640 376
1738 2620 1766 2640 u.
1787 2610 1861 2641 274.
1889 2610 1978 2652 275),

178 2660 211 2692 in
244 2660 334 2692 cusis
366 2660 558 2692 Alabandae
592 2662 665 2693 sine
698 2663 795 2694 dubio
828 2664 907 2696 vivo
940 2667 1091 2706 Augusto
1124 2665 1275 2697 Mionnet
1302 2666 1337 2705 3,
1370 2666 1431 2697 307
1461 2667 1549 2698 n.21
1579 2665 1630 2706 (cf.
1659 2677 1739 2698 mus.
1760 2667 1979 2699 Sanclement.

178 2716 203 2748 ll
228 2716 296 2748 tab.
326 2718 375 2755 14,
395 2717 436 2749 23
461 2728 489 2759 p.
510 2718 563 2758 53)
596 2729 678 2750 vere
702 2721 886 2760 Σεβαστοί
915 2722 1121 2764 adscriptum
1155 2723 1290 2755 videtur
1320 2733 1393 2755 esse
1426 2724 1464 2755 ad
1492 2724 1597 2765 capita
1624 2724 1766 2763 Augusti
1792 2729 1824 2755 et
1852 2724 1979 2757 Liviae.

178 2774 279 2805 Livia
316 2778 425 2805 utrum
459 2771 527 2805 θεὰ
551 2771 714 2816 Σεβαστή
741 2777 831 2808 dicta
855 2776 960 2810 fuerit
987 2790 1025 2810 an
1058 2778 1126 2811 0-εά
1151 2782 1302 2819 Λιουία,
1329 2780 1460 2811 dubium
1488 2785 1558 2820 est3
1595 2781 1656 2812 hoe
1683 2782 1841 2822 praetuli,
1867 2792 1979 2823 quam-

179 2841 273 2873 quam
298 2830 383 2862 illud
410 2829 552 2862 fortasse
579 2833 784 2865 commendat
809 2835 893 2875 quod
920 2836 953 2866 in
980 2837 1120 2867 nummis
1140 2836 1280 2868 Graecis
1308 2848 1370 2868 non
1397 2838 1441 2868 ita
1468 2848 1546 2869 raro
1573 2837 1744 2869 invenitur
1768 2840 1882 2879 Λιβία
1909 2839 1980 2870 sive

177 2889 310 2920 Λιουία
341 2885 505 2928 Σεβαστή
539 2888 744 2927 (Magnesiae
778 2889 890 2923 Ioniae
922 2892 1073 2925 Minnnet
1098 2893 1128 2932 3,
1150 2894 1210 2926 147
1239 2904 1268 2925 n.
1288 2894 1371 2933 6353
1403 2893 1515 2925 Mileti
1543 2894 1581 2925 ib.
1609 2894 1641 2925 S.
1668 2894 1698 2934 6,
1727 2895 1790 2926 270
1817 2907 1846 2927 n.
1877 2896 1978 2934 12363

178 2944 348 2977 Termessi
374 2945 419 2976 ib.
438 2946 470 2977 S.
490 2946 519 2985 7,
548 2945 609 2976 140
642 2956 669 2976 n.
688 2946 772 2987 2383
805 2948 947 2980 Aezanis
980 2949 1022 2980 ib.
1050 2950 1081 2980 S.
1103 2950 1132 2989 7,
1157 2950 1222 2981 489
1249 2962 1278 2982 n.
1298 2951 1359 2988 383
1393 2951 1552 2993 Dorylaei
1580 2950 1620 2981 ib.
1640 2950 1671 2982 S.
1693 2951 1722 2989 7,
1749 2952 1812 2982 557
1840 2964 1868 2983 n.
1889 2953 1978 2992 326),

177 3006 215 3033 nt
245 3002 374 3034 nescias
414 3003 447 3034 iu
480 3007 556 3034 utro
589 3003 750 3034 vocabulo
778 3005 978 3037 erraverint.
1009 3025 1051 3029 —
1077 3006 1199 3038 Caesar
1224 3017 1404 3047 cognomen
1431 3007 1464 3038 in
1492 3006 1689 3038 Germanico
1720 3013 1754 3040 et
1778 3009 1851 3040 sine
1877 3009 1976 3041 dubio

179 3059 276 3090 etiam
313 3059 344 3090 in
378 3060 483 3091 Druso
522 3059 679 3091 omissum
720 3065 772 3092 est
809 3067 987 3104 propterea
1017 3063 1099 3105 quod
1131 3064 1166 3095 hi
1197 3064 1260 3095 duo
1293 3063 1543 3105 cognominibus
1575 3065 1807 3106 appellantur,
1844 3076 1914 3097 eum
1944 3066 1976 3097 in

177 3114 314 3148 Tiberio
342 3117 426 3158 quod
452 3117 508 3148 vel
534 3116 655 3149 Graeci
682 3127 880 3160 praenomen
907 3129 980 3151 esse
1007 3120 1198 3152 sentiebant
1223 3132 1286 3152 non
1313 3119 1468 3152 sufficere
1496 3121 1680 3153 videretur.
