2430 3394
433 162 488 203 20
1230 158 1259 201 1,
1287 159 1425 192 22—24

427 279 552 318 eodem
581 280 621 316 in
655 277 836 328 Capitolio
869 279 931 326 tr.)
972 277 1022 316 ad
1060 277 1202 317 eosdem
1240 276 1335 323 deos,
1375 276 1508 328 quibus
1543 282 1629 315 vota
1663 279 1915 328 nuncupavit,
1957 279 2091 316 merita
2121 277 2220 316 dona
2277 287 2282 292 ·

421 354 581 398 portans
624 347 735 385 redit.
796 345 1023 397 Obsequens
1061 358 1092 384 c.
1123 346 1196 383 61:
1247 344 1284 383 C.
1316 343 1498 384 Antonius
1536 355 1684 396 procos.
1724 357 1807 384 cum
1847 376 1856 384 .
1885 375 1892 384 .
1924 376 1932 383 .
1965 376 1973 383 .
2019 345 2219 384 Catilinam

428 416 628 462 devicisset,
660 415 850 454 laureatos
879 416 1000 467 fasces
1039 416 1081 453 in
1107 415 1341 465 provinciam
1372 413 1474 452 tulit:
1505 413 1558 452 ibi
1584 426 1607 452 a
1636 411 1832 452 Dardanis
1862 425 2056 466 oppressus
2085 416 2219 453 amisso

425 486 591 523 emercitu
630 484 822 535 prosuyi't,·
874 485 1049 535 apparuit
1093 494 1176 521 eum
1219 481 1382 520 hostibus
1418 481 1649 532 portendisse
1686 484 1893 528 victoriam,
1939 494 2021 521 cum
2067 481 2117 521 ad
2160 493 2220 521 eos

425 553 580 592 laurum
619 554 807 592 victricem
846 551 989 597 tulerit,
1027 563 1134 603 quem
1164 553 1203 589 in
1238 549 1417 601 Capitolio
1448 549 1627 589 debuerat
1657 551 1849 602 deponere.
1910 551 2071 598 Laurus,
2103 562 2218 602 quam

424 621 547 661 victor
582 621 622 660 in
660 621 795 660 urbem
826 619 979 659 rediens
1006 618 1088 657 lovi
1118 620 1205 665 lert,
1238 624 1276 657 et
1306 619 1443 670 palma,
1475 630 1591 670 quam
1626 618 1887 670 triumphator
1914 619 2038 659 eidem
2066 618 2219 658 numini

424 690 489 729 dat
519 689 760 741 (Marquardt
789 686 1146 738 Staatsverwaltunq
1177 687 1213 734 2,
1247 687 1357 738 569),
1391 688 1441 726 ita
1478 687 1705 726 coniunctae
1735 693 1837 734 sunt,
1876 693 1920 727 ut
1948 687 2011 726 illa
2040 687 2087 726 ad
2118 687 2220 727 anti-

423 759 600 810 quiorem
649 764 687 797 et
730 756 933 808 aliquando
981 755 1143 794 ducibus
1190 755 1372 795 omnibus
1409 768 1657 795 communem
1695 755 1876 795 victoriae
1922 755 2218 795 celebrationem

423 827 629 880 pertineat,
673 827 766 865 haec
802 823 1151 876 triumphatoribus
1186 830 1379 863 reservata
1413 824 1461 863 ad
1496 825 1708 876 augendam
1745 824 2002 864 sollemnioris
2039 824 2219 864 victoriae

423 909 605 948 pompam
637 900 769 946 postea
800 894 850 932 ita
881 892 1025 932 adiecta
1058 892 1119 939 sit,
1152 899 1195 932 ut
1223 893 1355 932 laurus
1386 906 1538 944 quoque
1570 893 1687 932 simul
1718 893 1903 932 tradatur.
1948 893 2002 932 De
2031 893 2103 932 hac
2123 905 2218 932 con-

423 964 638 1010 suetudine,
671 962 782 1002 cuius
814 962 1047 1001 documenta
1079 962 1200 1000 multa
1232 967 1363 1001 extant
1393 961 1447 1013 (V.
1470 960 1696 1001 Staatsrecht
1729 960 1775 999 1”2
1794 975 1830 1013 p.
1854 961 1919 1001 61.
1943 962 2027 1010 96),
2056 973 2137 1001 11011
2159 966 2218 1001 est

422 1034 525 1084 quod
554 1033 627 1071 hoc
657 1032 740 1071 loco
772 1043 953 1082 agamus,
983 1030 1057 1068 hoc
1083 1030 1346 1081 quaerendum
1369 1036 1439 1077 est,
1461 1029 1708 1081 imperatoria
1729 1036 1852 1069 aetate
1873 1031 1966 1069 haec
1987 1029 2219 1070 caerimonia

422 1108 612 1152 quatenus
650 1099 837 1139 manserit
872 1104 1068 1137 mutatave
1107 1098 1168 1137 sit.
1229 1099 1323 1137 Nam
1366 1111 1455 1137 cum
1487 1105 1566 1138 tota
1604 1099 1752 1138 nitatur
1792 1099 2039 1150 magistratus
2076 1099 2134 1138 itu
2171 1099 2218 1138 ad

421 1170 565 1209 bellum
608 1169 829 1220 redituque,
876 1167 959 1206 iure
1002 1168 1219 1218 quaeritur,
1267 1174 1399 1206 utrum
1440 1167 1632 1207 eiusmodi
1670 1167 1796 1207 exitus
1837 1167 1952 1207 etiam
1989 1168 2060 1207 hac
2097 1173 2218 1206 aetate

420 1238 630 1290 requisitus
662 1238 712 1277 sit
741 1250 789 1276 an
819 1237 953 1276 laurus
985 1236 1126 1287 deponi
1146 1235 1319 1287 potuerit
1338 1235 1378 1274 in
1400 1235 1586 1288 Capitolio
1608 1236 1780 1288 principe
1802 1236 1841 1275 in
1865 1236 1959 1276 urbe
1980 1243 2161 1276 manente
2182 1242 2220 1275 et

420 1320 488 1360 per
518 1308 662 1358 legatos
693 1318 774 1345 rem
797 1312 964 1357 gerente.
1016 1304 1063 1343 Et
1083 1304 1282 1355 Augustus
1304 1303 1461 1355 quidem
1484 1303 1523 1343 ni
1544 1304 1654 1344 fallor
1675 1305 1872 1356 antiquam
1895 1306 2219 1345 consuetudinem

420 1374 601 1422 servavit;
632 1387 722 1413 nam
756 1373 829 1413 etsi
859 1386 957 1424 quae
987 1372 1028 1411 in
1058 1372 1184 1412 indice
1216 1373 1349 1412 scribit
1378 1374 1542 1412 fortasse
1573 1373 1688 1412 etiam
1721 1374 1803 1413 sine
1834 1374 2070 1426 profectione
2097 1374 2219 1425 ipsius

420 1444 578 1495 cogitari
617 1449 802 1495 possunt,
841 1441 1080 1482 narrationes
1118 1441 1250 1481 Dionis
1291 1442 1510 1493 Augustum
1550 1443 1776 1482 redeuntem
1816 1456 1862 1482 ex
1893 1443 2022 1482 Galliis
2055 1449 2092 1482 et
2123 1442 2219 1482 Ger-

426 1512 564 1552 maniis
605 1525 637 1551 a.
661 1513 738 1550 741
771 1511 841 1550 Iul.
864 1512 888 1549 5
925 1511 1078 1550 laurum
1118 1509 1344 1562 deposuisse
1380 1509 1419 1548 in
1456 1511 1548 1549 aede
1578 1510 1677 1550 Iovis
1715 1510 1918 1563 Capitolini
1951 1511 2032 1558 (54,
2056 1510 2130 1549 25:
2168 1509 2220 1567 τῇ

426 1580 465 1621 δ’
505 1578 727 1633 ὑστεραίᾳ,
766 1579 914 1619 reditus
952 1579 1113 1626 scilicet,
1154 1574 1197 1625 ἐς
1232 1577 1280 1618 τὸ
1309 1576 1592 1619 Καπιτώλιον
1630 1577 1830 1620 ἀνελθών
1868 1577 1945 1633 τήν
1974 1594 2019 1619 τε
2049 1577 2220 1633 δάφνην

425 1647 515 1690 ἀπὸ
552 1650 635 1690 τῶν
674 1647 848 1703 ῥάβδων
885 1645 1078 1701 περιεῖλε
1115 1647 1187 1687 καὶ
1223 1645 1265 1694 εἷς
1302 1646 1357 1686 τὰ
1392 1648 1468 1687 τοῦ
1501 1647 1609 1695 Διὸς
1646 1647 1807 1698 γόνατα
1842 1649 2087 1696 κατέθετο),
2125 1647 2218 1687 item

423 1719 651 1758 redeuntem
688 1718 728 1757 in
767 1718 903 1758 urbem
936 1717 1069 1756 Ticino
1100 1729 1132 1755 a.
1157 1717 1236 1755 745
1274 1715 1313 1754 in
1345 1716 1437 1756 aede
1466 1716 1565 1756 Iovis
1596 1717 1742 1756 feretrii
1772 1717 1854 1768 (55,
1879 1718 1921 1756 5:
1958 1715 2036 1770 τὴν
2067 1713 2220 1768 ἄφιξιν

424 1784 663 1841 ἐποιήσατο
704 1786 777 1826 καὶ
813 1785 890 1840 τήν
921 1784 1092 1839 δάφνην
1123 1784 1166 1833 ἐς
1196 1785 1272 1825 τοῦ
1304 1784 1413 1832 Διὸς
1444 1786 1520 1825 τοῦ
1552 1788 1778 1839 φερετρίου
1810 1781 1933 1838 παρὰ
1964 1785 2013 1825 τὸ
2044 1782 2220 1838 νομιζό-

423 1870 554 1909 μενον
597 1851 810 1909 ἔσήνεγκε)
857 1868 900 1894 60
947 1855 1095 1894 ducunt
1139 1854 1179 1893 in
1224 1854 1349 1893 indice
1394 1867 1547 1906 quoque
1584 1855 1752 1906 intellegi
1788 1860 1876 1893 vota
1912 1859 2134 1905 nuncupata
2171 1852 2218 1892 ab

422 1926 596 1977 Augusto
634 1931 796 1964 exeunte
835 1925 880 1963 ad
919 1923 1061 1963 bellum
1099 1929 1137 1962 et
1172 1924 1324 1962 laurum
1358 1923 1571 1974 depositam
1604 1923 1650 1962 ab
1680 1923 1764 1975 ipso
1795 1922 1835 1961 in
1866 1922 2002 1962 urbem
2034 1921 2219 1961 redeunte

423 2007 510 2033 cum
555 1994 722 2033 fascibus
759 1992 951 2032 laureatis.
1016 1992 1065 2030 At
1105 1998 1193 2043 post
1229 1991 1446 2042 Augustum
1486 2003 1548 2030 res
1585 1991 1736 2031 videtur
1776 1997 1924 2030 mutata
1959 2003 2056 2030 esse.
2120 1989 2218 2029 Nam

423 2075 656 2114 quamquam
690 2062 793 2114 quod
825 2061 960 2100 scribit
981 2060 1129 2100 Plinius
1160 2060 1282 2099 maior
1313 2060 1351 2098 11.
1373 2072 1411 2099 11.
1440 2061 1502 2107 15,
1526 2060 1590 2107 30,
1617 2060 1714 2099 134:
1754 2060 1920 2112 (laurus)
1949 2060 2070 2111 fasces
2099 2061 2218 2110 impe-

420 2139 593 2171 ratorum
634 2132 802 2170 decorat:
844 2142 891 2169 ea:
928 2129 983 2168 his
1024 2132 1065 2168 in
1102 2132 1244 2180 yremio
1272 2128 1370 2168 Iovis
1401 2132 1531 2181 optimi
1556 2131 1786 2181 maximique
1823 2129 2022 2180 deponitur
2051 2130 2218 2180 quotiens

421 2200 601 2239 laetitiam
649 2211 747 2239 nova
791 2201 950 2238 victoria
997 2197 1144 2244 attulit,
1192 2197 1363 2248 itemque
1400 2197 1642 2236 narrationes
1685 2196 1941 2236 Suetonianae
1981 2196 2026 2235 de
2066 2195 2218 2235 Nerone

421 2269 470 2320 (c.
496 2268 564 2320 13)
595 2274 633 2307 et
663 2269 708 2307 de
739 2267 958 2306 Domitiano
991 2270 1038 2316 (c.
1061 2266 1105 2306 6:
1139 2267 1183 2305 de
1217 2265 1333 2305 Cattis
1363 2265 1547 2318 Dacisque
1578 2266 1761 2318 duplicem
1791 2265 2022 2317 triumphum
2051 2268 2141 2317 eqit,
2174 2265 2218 2304 de

420 2337 606 2377 Sarmatis
645 2337 815 2376 lauream
855 2336 962 2375 modo
996 2334 1204 2387 Capitolino
1246 2333 1327 2374 Iovi
1363 2334 1521 2382 rettulit)
1563 2346 1652 2374 cum
1690 2334 1848 2385 antiquo
1888 2333 2068 2373 instituto
2108 2332 2217 2372 facile

421 2405 691 2452 conciliantur,
743 2405 870 2443 minor
905 2403 1054 2443 Plinius
1097 2416 1193 2454 quae
1238 2403 1284 2442 de
1323 2403 1444 2442 Nerva
1490 2403 1605 2442 tradit
1643 2403 1793 2454 (paneg.
1823 2415 1855 2442 c.
1886 2401 1927 2442 S:
1967 2401 2095 2442 adlata
2137 2409 2219 2442 erat

421 2487 469 2514 eec
499 2474 696 2513 Pannonia
727 2474 859 2512 laurea
881 2503 1019 2512 .....
1041 2472 1138 2511 lianc
1168 2474 1374 2523 imperator
1395 2471 1524 2510 Nerva
1552 2473 1591 2510 in
1619 2475 1761 2523 gremio
1792 2470 1889 2510 Iovis
1918 2471 2137 2511 collocarat:
2167 2472 2215 2510 cf.

420 2555 452 2582 c.
478 2543 545 2593 16)
579 2542 697 2581 moris
728 2541 1041 2580 immutationem
1064 2540 1231 2592 aliquam
1254 2540 1479 2591 flagitant1).
1520 2539 1617 2579 Utut
1645 2546 1714 2587 est,
1746 2540 1786 2579 in
1807 2540 1931 2579 indice
1954 2540 1986 2579 si
2006 2552 2215 2579 numerum

419 2612 617 2662 Augustus
662 2610 792 2662 posuit
835 2610 1015 2649 lauruum
1056 2610 1096 2649 in
1138 2608 1322 2661 Capitolio
1363 2609 1637 2660 depositarum,
1668 2608 1887 2647 numeravit
1916 2620 2093 2659 egressus
2124 2619 2215 2647 suos

421 2693 466 2719 ex
509 2680 601 2719 urbe
639 2679 685 2718 ad
725 2691 808 2718 rem
849 2679 1054 2730 gerendam
1094 2678 1261 2730 demptis
1301 2677 1439 2729 opinor
1468 2678 1528 2726 iis,
1560 2683 1717 2730 propter
1747 2689 1844 2729 quos
1875 2676 2062 2729 triumphi
2093 2676 2216 2716 honor

553 2820 580 2859 1)
606 2818 818 2851 Consuetudo
844 2822 991 2859 vetusta,
1017 2823 1054 2849 ut
1079 2818 1272 2860 quicumque
1300 2816 1469 2849 exercitui
1495 2821 1650 2858 praeerat
1674 2817 1748 2849 sive
1774 2827 1833 2849 suo
1859 2816 1931 2848 iure
1956 2816 2028 2848 iure
2053 2816 2126 2848 sive
2151 2815 2215 2849 ali—

421 2886 482 2908 eno
508 2877 687 2908 victoriam
715 2876 853 2917 adeptus
881 2876 1049 2907 laureatas
1075 2876 1212 2907 litteras
1238 2874 1372 2906 Romam
1397 2873 1566 2913 mitteret,
1599 2874 1699 2906 etiam
1726 2874 1785 2906 sub
1810 2873 2066 2916 imperatoribus
2092 2873 2214 2905 mansit

419 2933 562 2965 testibus
590 2933 707 2965 Tacito
740 2933 817 2964 hist.
851 2933 882 2973 3,
902 2933 940 2964 77
969 2933 1008 2964 de
1035 2932 1071 2964 L.
1099 2932 1261 2965 Vitellio:
1299 2930 1450 2962 lauream
1476 2933 1595 2973 gestae
1617 2940 1773 2974 prospere
1797 2933 1848 2962 rei
1869 2930 1915 2962 ad
1933 2932 2085 2972 fratrem
2107 2932 2214 2972 misit,

420 2991 500 3022 item
538 2991 569 3021 in
603 2991 674 3022 vita
699 2990 880 3031 Agricolae
905 3000 933 3020 c.
962 2990 1018 3022 18:
1050 3000 1089 3021 ne
1121 2989 1284 3021 laureatis
1315 2987 1447 3030 quidem
1475 2990 1573 3030 gesta
1600 2990 1798 3030 prosecutus
1828 2990 1895 3028 est,
1920 2992 1954 3019 et
1979 2987 2148 3019 Frontone
2172 2987 2214 3019 ad

419 3047 542 3079 amicos
578 3049 607 3087 1,
625 3047 663 3078 6:
696 3046 816 3078 Iunius
840 3046 1017 3079 Maaetmus
1046 3047 1200 3078 tribunus
1233 3045 1402 3078 laureatas
1426 3044 1571 3077 Romam
1601 3043 1715 3077 attulit
1744 3044 1878 3076 litteras.
1927 3044 1990 3076 Sed
2017 3054 2072 3076 eas
2096 3045 2212 3076 laurus

419 3104 451 3135 in
477 3104 605 3145 gremio
631 3103 720 3136 lovis
746 3104 917 3146 depositas
944 3114 1018 3136 esse
1044 3114 1138 3135 nemo
1163 3108 1281 3135 auctor
1306 3108 1368 3135 est.
