2430 3394
510 148 591 188 100
1322 144 1364 186 V,
1391 145 1481 179 6-8

506 266 586 304 Lat.
605 266 628 305 6
657 277 745 304 cum
769 264 951 303 Perrotus
980 263 1146 302 dedisset
1176 269 1288 309 recte,
1317 264 1383 301 sed
1410 263 1631 315 imperfecte
1653 266 1717 314 qui
1739 293 1745 300 .
1765 293 1772 302 .
1793 293 1800 301 .
1819 293 1827 301 .
1850 267 1980 310 verint,
2015 278 2082 316 ego
2105 266 2287 318 deceptus

505 333 848 373 Mordtmannianis
880 335 944 384 qm·
970 345 991 370 v
1009 363 1017 370 .
1036 362 1043 370 .
1064 362 1070 370 .
1092 361 1100 370 .
1119 332 1245 371 eadem
1274 332 1389 371 verba
1419 332 1635 383 suppleram
1669 335 1734 383 qni
1760 339 1836 371 tum
1857 334 2078 373 iuraverunt
2099 338 2135 373 in
2159 336 2286 374 eadem

503 403 629 449 verba,
660 401 844 453 Bergkius
875 404 940 452 qm·
966 408 1041 440 tum
1064 403 1100 439 in
1124 413 1204 439 mea
1224 400 1337 439 verba
1357 403 1599 446 v'm'avernnn
1631 399 1712 452 ipsa
1743 400 1926 452 principis
1951 402 2062 440 verba
2086 403 2197 442 lectio
2219 416 2286 441 ex-

503 471 602 522 pleta
634 471 788 510 demum
819 471 1009 521 suggessit
1031 468 1219 507 sententia
1241 480 1318 506 non
1340 474 1498 507 mutata.
1520 492 1574 496 —
1594 468 1773 507 Extrema
1797 469 1985 508 sententia
2008 476 2084 509 tota
2107 484 2287 522 pessum-

503 539 587 578 data
619 539 709 578 olim
742 539 865 578 Lucae
897 550 1025 576 errore
1057 536 1260 575 scribentis
1293 550 1324 575 v.
1349 538 1371 575 7
1405 537 1617 576 consulibus
1646 549 1715 588 pro
1747 537 1924 584 consules,
1956 537 2123 590 intellegi
2154 546 2287 591 coepta

501 614 560 647 est
596 609 744 660 prolato
782 608 955 659 exemplo
986 606 1230 652 Perrotiauo,
1277 606 1340 644 sed
1380 618 1484 644 nunc
1522 606 1678 644 demum
1718 605 1829 644 lectio
1865 606 1916 645 ita
1954 613 2114 658 purgata
2154 615 2213 647 est
2251 615 2289 648 et

501 677 670 729 expleta,
706 684 749 716 ut
784 678 828 715 ad
865 688 944 715 rem
985 681 1087 714 certe
1131 687 1228 726 quae
1269 674 1493 725 perveniant
1528 674 1786 713 dubitationes
1821 687 1956 714 omnes
1992 675 2162 715 sublatae
2198 677 2286 716 sint.

501 745 635 785 Latina
675 758 743 796 ego
783 752 891 784 antea
930 745 984 783 sic
1024 744 1320 782 constitueram:
1361 745 1399 781 in
1439 743 1499 790 1113
1533 743 1696 782 homines
1733 746 1798 795 qui
1827 743 1968 795 posllea
2001 745 2168 784 consules
2196 746 2292 798 facti

500 821 585 853 sunt
617 814 664 853 acl
694 826 776 853 eum
805 814 990 865 diemque
1019 815 1157 863 scripta
1187 811 1288 859 sulm
1317 811 1405 851 haec
1436 841 1636 857 ........
1669 814 1734 864 qm*
1757 813 1978 862 praetoresl,
2012 816 2155 854 circiter
2178 827 2286 862 ctxx,

474 880 482 889 '
500 882 684 933 Bergkius
706 888 853 921 autem:
884 885 924 920 in
953 882 1012 930 τ’[ῖε
1043 880 1259 921 consulares
1372 911 1380 925 ,
1406 880 1549 932 posltea
1581 881 1746 920 consules
1774 882 1872 931 sacti
1893 889 1992 929 siml,
2024 882 2169 934 reliqua
2194 883 2289 922 reti-

499 963 608 990 nens.
658 950 705 989 Et
734 951 898 989 homines
928 950 1083 1001 quidem
1115 949 1343 988 vocabulum
1376 954 1420 987 ut
1451 948 1635 999 Bergkius
1667 954 1769 987 recte
1800 949 1950 997 reiecit,
1992 950 2044 990 ita
2074 952 2178 1002 quod
2207 952 2288 1004 ipse

500 1020 603 1058 dedit
632 1031 768 1070 parum
792 1019 969 1058 Latinum
1003 1025 1082 1066 est3
1113 1031 1202 1057 nam
1234 1024 1300 1057 aut
1330 1025 1416 1057 sunt
1447 1017 1704 1056 omittendum
1735 1018 1809 1057 fuit
1829 1025 1895 1057 3111
1915 1019 2133 1059 addendum
2155 1020 2289 1060 relati-

498 1100 609 1135 vum,
649 1088 751 1139 quod
792 1094 920 1127 tamen
959 1087 1081 1139 spatio
1118 1086 1346 1126 excluditur.
1406 1086 1484 1125 Iam
1522 1099 1610 1124 cum
1652 1098 1727 1124 xvu
1762 1088 1840 1125 fere
1871 1087 2019 1126 litterae
2057 1088 2159 1127 inter
2189 1091 2221 1127 1I
2251 1094 2290 1127 et

497 1170 584 1195 τΕΑ
625 1156 819 1204 deficiant,
857 1169 933 1195 11011
974 1157 1070 1196 (11105
1107 1168 1290 1195 numeros
1328 1155 1478 1194 videtur
1514 1156 1710 1205 Augustus
1748 1156 1921 1207 posuisse
1960 1156 2218 1196 consularium
2251 1163 2290 1196 et

497 1231 627 1276 postea
671 1225 873 1264 consulum
919 1227 1130 1272 factorum,
1175 1225 1241 1263 sed
1283 1236 1405 1262 unum
1451 1230 1660 1275 utrumque
1708 1237 1828 1275 genus
1873 1225 2287 1276 comprehendentem3

495 1294 706 1346 eodemque
738 1294 917 1334 videntur
948 1294 1087 1333 ducere
1124 1293 1306 1345 reliquiae
1337 1292 1666 1344 interpretationis
1697 1293 1860 1331 Graecae
1891 1293 2026 1341 exiles,
2059 1294 2126 1333 sed
2158 1300 2287 1333 tamen

495 1363 546 1402 ita
585 1369 844 1415 comparatae,
880 1369 925 1402 ut
955 1364 1051 1402 duos
1090 1375 1275 1401 numeros
1312 1362 1373 1400 vix
1415 1361 1468 1400 eis
1506 1361 1664 1400 inseras.
1698 1385 1749 1388 —
1785 1361 1928 1401 Deinde
1959 1362 1997 1400 in
2030 1362 2175 1402 Latinis
2206 1376 2240 1401 v.
2263 1362 2286 1402 8

493 1433 595 1472 inter
632 1433 734 1481 sulm
774 1432 874 1480 haec]
907 1438 945 1471 et
977 1432 1208 1482 [sacerdoues
1239 1444 1326 1470 cum
1360 1431 1537 1470 deficiant
1567 1430 1714 1469 litterae
1745 1443 1776 1469 c.
1809 1443 1871 1477 ru,
1903 1431 1941 1469 in
1974 1430 2128 1470 Graecis
2158 1437 2285 1470 autem

494 1515 527 1540 v.
549 1501 602 1540 24
632 1501 789 1553 vestigia
820 1501 977 1541 evanida
1006 1501 1154 1540 intente
1184 1500 1415 1539 rimantibus
1447 1500 1558 1539 nohis
1590 1499 1684 1538 haec
1714 1501 1791 1537 fere
1822 1499 2089 1551 apparuerint:

1149 1569 1238 1620 (litt.
1263 1568 1332 1619 22)
1367 1582 1427 1611 10
1514 1609 1516 1611 Γ
1538 1581 1634 1605 ΝΤΑ

493 1639 539 1678 115
560 1640 823 1692 supplementa
855 1653 1010 1678 LXXXIII
1037 1644 1074 1678 et
1105 1633 1370 1691 ὀγδοήκοντα
1401 1638 1479 1676 5013
1510 1643 1612 1676 recte
1643 1636 1890 1688 respondent.
1941 1636 2036 1675 Nam
2069 1636 2128 1676 his
2150 1637 2286 1689 positis

493 1721 571 1748 non
593 1709 717 1748 solum
741 1708 862 1760 spatia
883 1708 933 1747 ita
955 1708 1170 1758 explentur,
1203 1713 1246 1746 ut
1266 1706 1414 1746 litterae
1437 1719 1561 1756 neque
1583 1705 1780 1744 abundent
1801 1718 1926 1756 neque
1949 1705 2128 1744 deficiant
2147 1706 2287 1757 (inter-

493 1777 670 1816 ciderunt
700 1776 816 1824 enim,
848 1783 892 1815 ut
922 1776 1010 1823 dixi,
1042 1776 1081 1814 in
1113 1775 1258 1814 Latinis
1288 1789 1322 1813 v.
1347 1775 1369 1814 8
1403 1775 1591 1813 elementa
1621 1786 1710 1821 xm,
1740 1774 1780 1812 in
1813 1773 1966 1813 Graecis
1998 1787 2030 1812 v.
2055 1774 2107 1813 24
2138 1787 2159 1813 a
2178 1775 2286 1826 prin-

493 1845 591 1897 cipio
622 1858 771 1892 c.xx11,
804 1845 948 1885 scilicet
979 1844 1102 1896 spatio
1133 1849 1354 1896 computato
1385 1843 1430 1882 ad
1462 1856 1494 1881 v.
1519 1842 1584 1889 23,
1617 1855 1705 1881 cum
1738 1848 2008 1894 computantes
2039 1843 2086 1881 ad
2107 1855 2140 1881 v.
2165 1842 2217 1882 20
2239 1843 2286 1882 ad

492 1927 577 1952 xxiv
608 1915 806 1961 ducamur,
839 1921 880 1953 ut
912 1915 1126 1953 luculenter
1156 1913 1247 1952 hinc
1277 1917 1458 1964 appareat
1489 1911 1703 1963 scripturae
1733 1911 2054 1963 inaequabilitas),
2087 1911 2151 1951 sed
2183 1912 2286 1962 quod

492 1982 703 2023 maximum
750 1990 825 2030 est,
874 1984 974 2022 inter
1014 1981 1226 2021 numeralia
1270 1994 1367 2032 quae
1404 1981 1442 2019 111
1480 1994 1609 2020 κοντα
1649 1981 1787 2019 1111111111
1816 1993 1939 2020 unum
1978 1981 2079 2032 quod
2116 1980 2284 2019 litteram

491 2053 696 2091 rotundam
729 2052 866 2091 babeat
897 2065 962 2091 sex
993 2051 1131 2091 litteris
1165 2056 1379 2102 separatam
1411 2063 1430 2088 a
1462 2049 1633 2088 clausula
1666 2063 1755 2095 ντα,
1787 2048 1824 2087 111
1856 2054 1915 2087 651
1944 2049 2046 2100 quod
2068 2048 2283 2100 posuimus.

626 2122 831 2160 Senatores
864 2133 977 2172 supra
1009 2120 1273 2172 septingentos
1305 2131 1391 2158 cum
1424 2118 1602 2170 princeps
1634 2117 1776 2156 scribat
1806 2130 1838 2156 a.
1862 2117 1941 2155 722
1971 2117 2042 2156 suh
2064 2117 2145 2156 suis
2167 2117 2284 2168 signis

492 2188 725 2236 militavisse,
757 2189 931 2241 pervenit
961 2188 996 2227 id
1029 2189 1075 2227 ad
1107 2201 1171 2227 eos
1203 2187 1269 2238 qui
1299 2201 1343 2226 eo
1374 2194 1548 2239 tempore
1580 2193 1778 2226 senatores
1804 2192 1944 2233 essent,
1976 2199 2102 2237 neque
2131 2186 2171 2224 in
2201 2186 2284 2238 ipsa

490 2268 530 2294 re
562 2256 749 2295 dubitatio
772 2257 919 2303 obstat3
952 2270 1039 2296 nam
1070 2262 1180 2296 erant
1210 2269 1254 2295 60
1286 2262 1460 2307 tempore
1492 2261 1688 2294 senatores
1712 2267 1827 2307 supra
1850 2254 1952 2293 mille
1975 2260 2070 2293 teste
2094 2255 2283 2294 Suetonio

489 2325 584 2375 Aug.
607 2325 672 2364 35.
718 2325 1019 2365 Praetereuntur
1048 2325 1100 2365 ita
1132 2331 1209 2364 tam
1240 2325 1342 2364 inter
1374 2330 1570 2364 senatores
1601 2337 1717 2375 quam
1751 2324 1852 2362 inter
1882 2323 2103 2362 consulares
2125 2323 2282 2362 iuvenes

488 2393 513 2431 ii
557 2393 624 2444 qui
669 2400 842 2445 tempore
886 2394 975 2433 belli
1010 2394 1151 2434 Actiaci
1200 2393 1370 2445 equestri
1414 2394 1497 2432 loco
1547 2393 1745 2432 constituti
1792 2398 1925 2443 postea
1970 2392 2090 2431 latum
2132 2392 2280 2431 clavum

488 2469 739 2514 sumpserunt
777 2465 944 2502 fascesve
985 2463 1111 2515 adepti
1150 2469 1252 2502 sunt.
1310 2463 1358 2501 At
1398 2463 1538 2501 horum
1579 2475 1668 2501 cum
1709 2473 1778 2512 par
1816 2473 1929 2500 causa
1970 2461 2030 2507 sit,
2055 2462 2175 2512 magis
2197 2473 2282 2500 cre-

488 2531 648 2570 diderim
678 2531 897 2582 Augustum
934 2532 1062 2583 paullo
1099 2531 1362 2582 indiligentius
1403 2531 1576 2570 locutum
1616 2543 1700 2569 esse
1739 2542 1854 2581 quam
1892 2529 1931 2568 in
1968 2529 2076 2568 fastis
2107 2529 2280 2569 Actiacos

487 2612 578 2639 suos
610 2599 918 2639 dinumerantem
950 2600 1020 2639 1105
1052 2599 1306 2651 praeteriisse.

620 2668 722 2715 Quot
759 2669 980 2708 consulares
1018 2669 1090 2708 suh
1127 2669 1245 2720 signis
1287 2668 1367 2707 suis
1405 2668 1451 2707 ad
1481 2669 1630 2707 Actium
1672 2668 1880 2707 militantes
1910 2667 2108 2718 Augustus
2139 2678 2280 2706 nume-

486 2737 625 2776 raverit
656 2744 699 2777 ut
729 2751 774 2777 ex
805 2738 931 2777 indice
962 2738 1043 2777 solo
1075 2738 1335 2789 cognoscitur,
1367 2739 1418 2777 ita
1449 2751 1494 2776 ex
1526 2750 1656 2777 rerum
1679 2735 1866 2776 memoria
1888 2734 2129 2786 aliquatenus
2151 2735 2279 2774 deter-

486 2805 625 2844 minari
663 2812 808 2858 potest,
854 2813 950 2858 quot
995 2807 1215 2846 consulares
1261 2820 1305 2845 eo
1342 2813 1514 2858 tempore
1559 2807 1598 2845 in
1639 2807 1733 2846 vivis
1776 2805 1920 2845 fuerint
1958 2804 2019 2842 vel
2057 2809 2159 2842 certe
2195 2814 2279 2841 esse

484 2874 681 2924 potuerint
718 2888 842 2927 neque
880 2875 984 2927 sigua
1017 2876 1236 2915 Antoniana
1279 2876 1401 2915 secuti
1432 2875 1522 2914 sint.
1584 2875 1631 2914 Et
1662 2874 1922 2914 consularium
1955 2866 2111 2923 quidem
2143 2882 2276 2910 eorum

484 2955 580 2993 quos
619 2943 706 2982 fasti
742 2950 944 2983 recensent
974 2944 1020 2983 ab
1051 2958 1082 2983 a.
1107 2945 1184 2984 631
1218 2946 1264 2984 ad
1295 2959 1328 2985 a.
1353 2945 1432 2983 700
1464 2945 1668 2996 plerosque
1700 2949 1848 2982 certum
1888 2943 1947 2981 vel
1977 2954 2096 2996 paene
2127 2946 2276 2980 certum

483 3017 541 3049 est
571 3011 770 3051 defunctos
802 3025 885 3051 esse
916 3019 1004 3052 ante
1034 3026 1066 3051 a.
1090 3014 1192 3061 7123
1225 3014 1522 3065 supervixerunt
1551 3013 1586 3051 ei
1607 3013 1665 3051 vel
1696 3018 1798 3051 certe
1830 3018 1918 3064 post
1939 3023 2027 3050 eum
2051 3009 2274 3061 superstites

484 3091 566 3118 esse
604 3086 813 3130 potuerunt
844 3081 910 3121 Cn.
933 3081 1107 3120 Aufidius
1140 3082 1296 3121 Orestes
1328 3095 1402 3121 cos.
1425 3095 1457 3120 a.
1480 3081 1579 3128 683,
1619 3081 1679 3119 Μ’.
1711 3080 1896 3120 Aemilius
1928 3079 2094 3130 Lepidus
2125 3091 2157 3117 3.
2180 3076 2273 3124 688,
