2227 3452
969 169 1012 212 V,
1040 170 1174 204 24-31
1880 173 1960 212 117

178 287 400 326 Parthicum
431 300 451 326 a
473 288 632 327 Vonone
663 294 702 327 et
731 289 961 327 adfectatum
985 288 1255 327 Armeniacum
1287 292 1449 338 uterque
1479 295 1613 328 auctor
1634 294 1715 328 arte
1746 288 1962 340 coniungit)

178 355 357 396 Vonones
393 357 480 396 exul
509 357 550 396 in
571 357 792 397 Armeniam
832 357 938 396 venit
972 356 1102 408 ibique
1140 368 1227 395 cum
1259 355 1331 394 sibi
1362 368 1382 394 a
1412 356 1576 396 factione
1607 358 1770 408 quadam
1801 370 1962 409 regnum

179 424 394 472 offerretur,
426 425 464 464 id
497 426 667 477 suscepit
697 431 735 465 et
763 425 810 464 ab
831 426 1004 477 Augusto
1036 432 1080 464 ut
1109 424 1149 463 in
1181 437 1224 463 eo
1255 424 1550 464 confirmaretur
1580 438 1650 477 per
1678 426 1820 477 legatos
1842 426 1962 478 petiit,

179 505 305 544 neque
336 499 466 533 tamen
498 493 729 546 impetravit,
760 507 849 533 nam
883 494 914 533 si
944 494 1202 546 impetrasset,
1233 493 1431 544 Augustus
1454 493 1590 545 opinor
1610 494 1647 532 id
1670 507 1748 533 non
1770 494 1964 533 tacuisset.

178 560 251 599 Eas
283 562 415 614 turbas
447 568 485 601 et
514 575 674 614 regnum
707 562 820 601 inane
844 562 980 602 Strabo
1012 575 1165 613 quoque
1195 561 1292 600 libro
1325 567 1444 609 sexto,
1476 574 1591 613 quem
1614 569 1751 613 quarto
1781 565 1857 601 fere
1878 568 1967 615 post

177 628 282 668 hunc
317 630 484 670 indicem
525 643 624 670 anno
664 630 834 682 scripsit,
879 631 999 682 tangit
1030 631 1067 677 6,
1099 631 1136 677 4,
1170 629 1193 667 2
1226 642 1261 681 p.
1285 628 1378 677 288,
1427 629 1467 668 in
1512 643 1673 670 recensu
1719 631 1964 682 populorum,

178 697 244 748 qui
290 711 308 737 a
347 698 532 739 Romanis
579 699 757 738 dominos
793 699 1032 751 acciperent:
1077 695 1297 751 Ἀρμένιοι
1335 696 1382 737 δὲ
1421 721 1477 725 —
1512 700 1758 752 παρουσίας
1793 697 1966 739 δέονται

177 762 312 818 μόνον
342 767 426 807 τῶν
456 765 750 822 ἡγησομένων,
782 766 920 814 καλῶς
951 766 999 807 δὲ
1039 767 1315 819 κρατοῦνται·
1355 764 1653 819 νεωτερίζουσι
1692 765 1740 806 δὲ
1778 765 1855 806 διὰ
1892 766 1967 814 τὰς

176 835 261 874 τῶν
287 832 510 888 Ῥωμαίων
541 833 830 887 ἆπασχολὶας.

309 904 503 951 Quamdiu
532 905 711 944 Armenia
748 904 788 943 in
826 904 974 944 dicione
1011 904 1183 944 Romana
1229 904 1389 951 mansit,
1436 905 1474 943 id
1520 904 1565 943 ad
1604 904 1767 944 Mediam
1814 917 1966 956 quoque

176 972 411 1023 pertinuisse
441 973 646 1013 verisimile
678 980 737 1012 est
767 979 804 1013 et
836 981 912 1013 tam
935 973 1228 1012 Ariobarzanem
1261 986 1375 1024 quam
1398 973 1647 1013 Artavasdem
1679 986 1715 1011 1v
1744 973 1784 1012 in
1807 978 1968 1024 utraque

176 1041 320 1093 pariter
350 1055 541 1093 regnasse.
592 1042 685 1081 Post
716 1042 751 1081 id
782 1048 936 1094 tempus
958 1055 1044 1081 cum
1068 1042 1247 1081 Armenia
1269 1042 1454 1081 Romanis
1477 1056 1559 1082 sese
1582 1042 1837 1089 subtraheret,
1869 1042 1968 1081 Medi

176 1115 242 1148 aut
277 1111 412 1149 eodem
446 1116 618 1163 tempore
649 1116 716 1149 aut
746 1116 854 1149 antea
887 1111 961 1149 iam
994 1124 1012 1150 a
1045 1112 1229 1150 Romanis
1261 1111 1505 1151 desciverunt
1536 1111 1746 1150 constituto
1778 1111 1849 1150 sibi
1880 1124 1967 1162 rege

176 1178 368 1218 Artabano
410 1179 612 1231 (Iosephus
649 1186 725 1218 ant.
753 1179 815 1226 18,
848 1179 884 1225 2,
918 1179 959 1230 4)
1004 1186 1176 1219 materno
1218 1193 1263 1219 ex
1304 1193 1441 1232 genere
1478 1180 1718 1228 Arsacidam‚
1757 1180 1821 1219 sed
1860 1186 1967 1232 patre

179 1247 316 1299 Scytha
349 1253 392 1287 ut
422 1248 592 1289 videtur.
634 1254 736 1287 certe
767 1249 970 1287 educatum
1013 1249 1112 1300 apud
1146 1250 1306 1301 Scythas
1338 1249 1509 1299 (Tacitus
1546 1262 1634 1288 ann.
1658 1248 1704 1296 2,
1737 1248 1773 1287 3.
1807 1249 1851 1295 6,
1885 1248 1966 1297 42),

177 1328 265 1354 eum
296 1316 442 1368 ipsum,
484 1316 548 1367 qui
579 1316 669 1355 hinc
700 1329 811 1355 orsus
843 1330 872 1355 c.
896 1330 929 1355 a.
954 1317 1033 1355 764
1065 1317 1221 1356 Vonone
1253 1318 1412 1370 expulso
1443 1317 1594 1356 Parthis
1626 1330 1778 1368 quoque
1808 1317 1968 1368 imperi-

178 1385 281 1424 tavit.
332 1385 468 1424 Strabo
499 1391 626 1424 tamen
663 1387 724 1432 11,
761 1386 831 1432 13,
872 1385 895 1423 2
937 1399 972 1437 p.
1003 1386 1081 1424 523
1124 1387 1252 1425 Medos
1291 1386 1424 1425 scribit
1463 1385 1668 1425 amicitiam
1706 1386 1840 1425 fecisse
1878 1399 1966 1425 cum

177 1453 348 1502 Caesare,
380 1454 495 1493 simul
528 1460 656 1493 tamen
687 1454 850 1494 Parthos
879 1455 1015 1494 colere.

310 1523 520 1563 Stemmata
553 1523 698 1562 subieci
730 1523 813 1562 tria.

880 1628 1030 1655 REGI-:s
1061 1628 1310 1654 ARMENIAE.

846 1672 1011 1713 Tigranes
1039 1670 1076 1710 (Ι)
1102 1682 1192 1711 regn.
1219 1673 1258 1703 ab
1284 1683 1311 1703 a.
1341 1672 1404 1703 657
1430 1673 1469 1703 ad
1497 1682 1524 1704 a.
1554 1676 1644 1704 certe
1672 1672 1736 1704 693

899 1774 1108 1806 Artavasdes
1134 1776 1151 1807 ἢ·
1179 1774 1243 1805 724

666 1844 812 1875 Artaxes
1000 1842 1163 1883 Tigranes
1189 1842 1241 1881 (ΙΙ)
1344 1844 1574 1875 Artavasdes?

600 1899 691 1928 regn.
719 1888 895 1920 720—734
988 1899 1079 1928 regn.
1099 1888 1162 1919 734
1180 1907 1222 1910 —
1238 1913 1265 1919 ..
1353 1893 1371 1925 †
1397 1901 1423 1920 c.
1443 1900 1470 1920 a.
1492 1890 1553 1919 753

934 2009 952 2040 †
978 2015 1004 2035 c.
1024 2013 1051 2034 a.
1072 2003 1134 2034 753

895 2085 1039 2111 REGI-:s
1071 2084 1260 2110 MEDIAE.

948 2129 1197 2161 Ariobarzanes

971 2229 1177 2263 Artavasdes

969 2281 987 2312 ἢ·
1013 2287 1040 2308 c.
1060 2286 1089 2308 a.
1109 2276 1174 2307 734

958 2377 1203 2410 Ariobarzanes

692 2434 750 2456 rex
775 2423 905 2456 Mediae
933 2435 959 2455 e.
977 2434 1005 2455 a.
1026 2424 1102 2463 734,
1127 2422 1306 2454 Armeniae
1331 2432 1360 2453 a.
1381 2423 1443 2453 753

971 2526 1176 2557 Artavasdes

824 2582 884 2603 rex
911 2571 1042 2603 Mediae
1067 2576 1101 2603 et
1125 2571 1303 2602 Armeniae

934 2620 951 2651 †
976 2622 1052 2649 ante
1079 2626 1107 2648 a.
1128 2617 1191 2647 764

861 2711 1004 2737 REGES
1036 2709 1245 2736 IVDAEAE.

284 2752 431 2785 Herodes
456 2752 826 2794 Magnus-«Mariamne
874 2755 1061 2786 Archelaus
1086 2764 1149 2786 rex
1174 2752 1531 2795 Cappadociae—‘uxor
1556 2751 1646 2791 regis
1671 2750 1849 2782 Armeniae
1874 2750 1968 2782 fllia?

614 2798 619 2851 Ι
1419 2796 1424 2849 Ι

518 2855 710 2886 Alexander
1009 2872 1047 2881 v
1337 2853 1508 2896 Glaphyra

416 2894 1093 2956 ——ffiffl
1121 2925 1286 2963 Tigranes
1312 2923 1383 2962 (lv)

756 2970 760 3010 Ι
1037 2980 1098 3001 rex
1125 2968 1298 3000 Armeniae
1325 2980 1352 2999 c.
1371 2979 1399 3000 a.
1420 2969 1483 2999 764

700 3014 865 3053 Tigranes
1068 3019 1086 3050 †
1112 3025 1141 3046 a.
1161 3013 1225 3045 789
1249 3027 1293 3039 =
1317 3025 1346 3056 p.
1365 3014 1399 3046 C.
1419 3014 1460 3045 36

652 3070 713 3091 rex
737 3060 913 3092 Armeniae

605 3116 634 3137 a.
654 3106 717 3137 813
744 3119 785 3132 =
811 3115 840 3146 p.
859 3106 893 3137 C.
913 3106 954 3137 60
