<?xml version="1.0" encoding="UTF-8"?>
<!DOCTYPE html PUBLIC "-//W3C//DTD XHTML 1.0 Transitional//EN"
    "http://www.w3.org/TR/xhtml1/DTD/xhtml1-transitional.dtd">
<html xmlns="http://www.w3.org/1999/xhtml" xml:lang="en" lang="en">
 <head>
  <title>
</title>
<meta http-equiv="Content-Type" content="text/html;charset=utf-8" />
  <meta name='ocr-system' content='tesseract 3.04.00' />
  <meta name='ocr-capabilities' content='ocr_page ocr_carea ocr_par ocr_line ocrx_word'/>
</head>
<body>
  <div class='ocr_page' id='page_1' title='image "./resgestaeexmonum01auguuoft_0220.png"; bbox 0 0 2430 3394; ppageno 0'>
   <div class='ocr_carea' id='block_1_1' title="bbox 427 130 1416 174">
    <p class='ocr_par' dir='ltr' id='par_1_1' title="bbox 427 130 1416 174">
     <span class='ocr_line' id='line_1_1' title="bbox 427 130 1416 174; baseline -0.01 0"><span class='ocrx_word' id='word_1_1' title='bbox 427 135 511 174; x_wconf 86' lang='grc'>116</span> <span class='ocrx_word' id='word_1_2' title='bbox 1211 130 1253 172; x_wconf 87' lang='lat' dir='ltr'>V,</span> <span class='ocrx_word' id='word_1_3' title='bbox 1281 131 1416 166; x_wconf 81' lang='lat'>‘24-31</span> 
     </span>
    </p>
   </div>
   <div class='ocr_carea' id='block_1_2' title="bbox 423 247 2227 2911">
    <p class='ocr_par' dir='ltr' id='par_1_2' title="bbox 423 247 2227 2911">
     <span class='ocr_line' id='line_1_2' title="bbox 423 247 2210 302; baseline -0.001 -13"><span class='ocrx_word' id='word_1_4' title='bbox 423 251 526 302; x_wconf 89' lang='lat' dir='ltr'>regio</span> <span class='ocrx_word' id='word_1_5' title='bbox 571 263 710 302; x_wconf 83' lang='lat' dir='ltr'>genere</span> <span class='ocrx_word' id='word_1_6' title='bbox 745 249 1018 289; x_wconf 85' lang='lat' dir='ltr'>Armeniorum</span> <span class='ocrx_word' id='word_1_7' title='bbox 1062 249 1271 289; x_wconf 89' lang='lat' dir='ltr'>oriundum</span> <span class='ocrx_word' id='word_1_8' title='bbox 1308 260 1390 287; x_wconf 88' lang='lat' dir='ltr'>esse</span> <span class='ocrx_word' id='word_1_9' title='bbox 1430 247 1627 298; x_wconf 85' lang='lat' dir='ltr'>Augustus</span> <span class='ocrx_word' id='word_1_10' title='bbox 1665 247 1818 295; x_wconf 88' lang='lat' dir='ltr'>scribat,</span> <span class='ocrx_word' id='word_1_11' title='bbox 1855 248 2070 288; x_wconf 81' lang='lat' dir='ltr'>accuratius</span> <span class='ocrx_word' id='word_1_12' title='bbox 2108 249 2210 288; x_wconf 90' lang='lat' dir='ltr'>unde</span> 
     </span>
     <span class='ocr_line' id='line_1_3' title="bbox 424 315 2212 369; baseline -0.001 -12"><span class='ocrx_word' id='word_1_13' title='bbox 424 318 573 358; x_wconf 86' lang='lat' dir='ltr'>venerit</span> <span class='ocrx_word' id='word_1_14' title='bbox 611 332 657 357; x_wconf 88' lang='lat' dir='ltr'>ex</span> <span class='ocrx_word' id='word_1_15' title='bbox 696 318 742 357; x_wconf 92' lang='lat' dir='ltr'>iis</span> <span class='ocrx_word' id='word_1_16' title='bbox 778 318 1024 369; x_wconf 88' lang='lat' dir='ltr'>intellegitur,</span> <span class='ocrx_word' id='word_1_17' title='bbox 1064 331 1160 369; x_wconf 89' lang='lat' dir='ltr'>quae</span> <span class='ocrx_word' id='word_1_18' title='bbox 1200 318 1245 356; x_wconf 88' lang='lat' dir='ltr'>de</span> <span class='ocrx_word' id='word_1_19' title='bbox 1286 316 1399 355; x_wconf 90' lang='lat' dir='ltr'>caede</span> <span class='ocrx_word' id='word_1_20' title='bbox 1437 316 1519 355; x_wconf 85' lang='lat' dir='ltr'>eius</span> <span class='ocrx_word' id='word_1_21' title='bbox 1550 328 1582 354; x_wconf 92' lang='lat' dir='ltr'>a.</span> <span class='ocrx_word' id='word_1_22' title='bbox 1606 329 1642 367; x_wconf 89' lang='lat' dir='ltr'>p.</span> <span class='ocrx_word' id='word_1_23' title='bbox 1666 315 1753 354; x_wconf 87' lang='lat' dir='ltr'>Chr.</span> <span class='ocrx_word' id='word_1_24' title='bbox 1777 315 1828 355; x_wconf 84' lang='lat'>36</span> <span class='ocrx_word' id='word_1_25' title='bbox 1867 322 2014 367; x_wconf 85' lang='lat' dir='ltr'>patrata</span> <span class='ocrx_word' id='word_1_26' title='bbox 2052 322 2212 356; x_wconf 88' lang='lat' dir='ltr'>narrant</span> 
     </span>
     <span class='ocr_line' id='line_1_4' title="bbox 425 383 2209 437; baseline -0.001 -11"><span class='ocrx_word' id='word_1_27' title='bbox 425 386 582 426; x_wconf 79' lang='lat' dir='ltr'>Tacitus</span> <span class='ocrx_word' id='word_1_28' title='bbox 613 389 717 435; x_wconf 87' lang='lat' dir='ltr'>(ann.</span> <span class='ocrx_word' id='word_1_29' title='bbox 741 386 777 433; x_wconf 97' lang='grc'>6,</span> <span class='ocrx_word' id='word_1_30' title='bbox 801 386 865 425; x_wconf 80' lang='grc'>40.</span> <span class='ocrx_word' id='word_1_31' title='bbox 892 387 953 433; x_wconf 77' lang='lat'>14,</span> <span class='ocrx_word' id='word_1_32' title='bbox 977 386 1047 436; x_wconf 82' lang='lat'>26)</span> <span class='ocrx_word' id='word_1_33' title='bbox 1077 392 1115 425; x_wconf 90' lang='lat' dir='ltr'>et</span> <span class='ocrx_word' id='word_1_34' title='bbox 1144 386 1331 437; x_wconf 85' lang='lat' dir='ltr'>Iosephus</span> <span class='ocrx_word' id='word_1_35' title='bbox 1363 387 1456 433; x_wconf 88' lang='lat' dir='ltr'>(ant.</span> <span class='ocrx_word' id='word_1_36' title='bbox 1483 383 1545 431; x_wconf 89' lang='grc'>18,</span> <span class='ocrx_word' id='word_1_37' title='bbox 1569 385 1605 430; x_wconf 82' lang='lat'>5,</span> <span class='ocrx_word' id='word_1_38' title='bbox 1628 385 1653 422; x_wconf 82' lang='lat'>4</span> <span class='ocrx_word' id='word_1_39' title='bbox 1685 384 1767 423; x_wconf 88' lang='lat' dir='ltr'>coll.</span> <span class='ocrx_word' id='word_1_40' title='bbox 1794 384 1857 431; x_wconf 82' lang='lat'>17,</span> <span class='ocrx_word' id='word_1_41' title='bbox 1882 385 1916 431; x_wconf 91' lang='lat'>1,</span> <span class='ocrx_word' id='word_1_42' title='bbox 1943 385 1977 422; x_wconf 88' lang='lat'>1.</span> <span class='ocrx_word' id='word_1_43' title='bbox 2001 384 2025 422; x_wconf 83' lang='lat'><strong>2</strong></span> <span class='ocrx_word' id='word_1_44' title='bbox 2056 392 2094 425; x_wconf 93' lang='lat' dir='ltr'>et</span> <span class='ocrx_word' id='word_1_45' title='bbox 2123 386 2209 425; x_wconf 91' lang='lat' dir='ltr'>bell.</span> 
     </span>
     <span class='ocr_line' id='line_1_5' title="bbox 424 451 2212 504; baseline -0.001 -9"><span class='ocrx_word' id='word_1_46' title='bbox 424 456 505 495; x_wconf 90' lang='lat' dir='ltr'>Iud.</span> <span class='ocrx_word' id='word_1_47' title='bbox 533 457 567 503; x_wconf 91' lang='lat'>1,</span> <span class='ocrx_word' id='word_1_48' title='bbox 590 455 655 502; x_wconf 78' lang='lat'>28,</span> <span class='ocrx_word' id='word_1_49' title='bbox 682 456 733 504; x_wconf 90' lang='grc'>1).</span> <span class='ocrx_word' id='word_1_50' title='bbox 782 454 934 494; x_wconf 81' lang='lat' dir='ltr'>Scilicet</span> <span class='ocrx_word' id='word_1_51' title='bbox 955 455 1177 501; x_wconf 83' lang='lat' dir='ltr'>Alexander,</span> <span class='ocrx_word' id='word_1_52' title='bbox 1209 453 1309 504; x_wconf 87' lang='lat' dir='ltr'>regis</span> <span class='ocrx_word' id='word_1_53' title='bbox 1331 453 1561 492; x_wconf 89' lang='lat' dir='ltr'>Iudaeorum</span> <span class='ocrx_word' id='word_1_54' title='bbox 1584 451 1744 491; x_wconf 86' lang='lat' dir='ltr'>Herodis</span> <span class='ocrx_word' id='word_1_55' title='bbox 1767 452 1892 503; x_wconf 83' lang='lat' dir='ltr'>Magni</span> <span class='ocrx_word' id='word_1_56' title='bbox 1922 458 1960 491; x_wconf 92' lang='lat' dir='ltr'>et</span> <span class='ocrx_word' id='word_1_57' title='bbox 1981 452 2212 493; x_wconf 84' lang='lat' dir='ltr'>Mariamnae</span> 
     </span>
     <span class='ocr_line' id='line_1_6' title="bbox 425 520 2214 575; baseline -0.001 -12"><span class='ocrx_word' id='word_1_58' title='bbox 425 524 539 571; x_wconf 86' lang='lat' dir='ltr'>filius,</span> <span class='ocrx_word' id='word_1_59' title='bbox 573 537 617 562; x_wconf 80' lang='lat' dir='ltr'>ex</span> <span class='ocrx_word' id='word_1_60' title='bbox 649 523 837 575; x_wconf 59' lang='lat' dir='ltr'>Glaphyra</span> <span class='ocrx_word' id='word_1_61' title='bbox 868 522 943 561; x_wconf 83' lang='lat' dir='ltr'>filia</span> <span class='ocrx_word' id='word_1_62' title='bbox 973 521 1146 561; x_wconf 81' lang='lat' dir='ltr'>Archelai</span> <span class='ocrx_word' id='word_1_63' title='bbox 1176 522 1277 573; x_wconf 90' lang='lat' dir='ltr'>regis</span> <span class='ocrx_word' id='word_1_64' title='bbox 1308 520 1566 573; x_wconf 81' lang='lat' dir='ltr'>Cappadociae</span> <span class='ocrx_word' id='word_1_65' title='bbox 1606 520 1732 559; x_wconf 91' lang='lat' dir='ltr'>ultimi</span> <span class='ocrx_word' id='word_1_66' title='bbox 1770 520 1869 560; x_wconf 87' lang='lat' dir='ltr'>filios</span> <span class='ocrx_word' id='word_1_67' title='bbox 1910 521 2005 560; x_wconf 89' lang='lat' dir='ltr'>duos</span> <span class='ocrx_word' id='word_1_68' title='bbox 2043 523 2214 574; x_wconf 85' lang='lat' dir='ltr'>suscepit</span> 
     </span>
     <span class='ocr_line' id='line_1_7' title="bbox 424 589 2215 642; baseline -0.001 -11"><span class='ocrx_word' id='word_1_69' title='bbox 424 593 685 632; x_wconf 82' lang='lat' dir='ltr'>Alexandrum</span> <span class='ocrx_word' id='word_1_70' title='bbox 725 598 763 630; x_wconf 89' lang='lat' dir='ltr'>et</span> <span class='ocrx_word' id='word_1_71' title='bbox 800 591 1008 642; x_wconf 82' lang='lat' dir='ltr'>Tigranen,</span> <span class='ocrx_word' id='word_1_72' title='bbox 1047 603 1214 641; x_wconf 89' lang='lat' dir='ltr'>quorum</span> <span class='ocrx_word' id='word_1_73' title='bbox 1250 590 1346 629; x_wconf 86' lang='lat' dir='ltr'>alter</span> <span class='ocrx_word' id='word_1_74' title='bbox 1390 589 1574 641; x_wconf 82' lang='lat' dir='ltr'>Tigranes</span> <span class='ocrx_word' id='word_1_75' title='bbox 1614 590 1810 628; x_wconf 74' lang='lat' dir='ltr'>Armeniae</span> <span class='ocrx_word' id='word_1_76' title='bbox 1856 590 2043 642; x_wconf 80' lang='lat' dir='ltr'>qnondam</span> <span class='ocrx_word' id='word_1_77' title='bbox 2075 593 2215 641; x_wconf 76' lang='lat' dir='ltr'>potitus</span> 
     </span>
     <span class='ocr_line' id='line_1_8' title="bbox 425 653 2214 712; baseline -0.002 -12"><span class='ocrx_word' id='word_1_78' title='bbox 425 662 494 712; x_wconf 87' lang='lat' dir='ltr'>(ita</span> <span class='ocrx_word' id='word_1_79' title='bbox 540 661 695 700; x_wconf 79' lang='lat' dir='ltr'>Tacitus</span> <span class='ocrx_word' id='word_1_80' title='bbox 740 659 955 699; x_wconf 83' lang='lat' dir='ltr'>accuratius</span> <span class='ocrx_word' id='word_1_81' title='bbox 1001 671 1116 710; x_wconf 83' lang='lat' dir='ltr'>quam</span> <span class='ocrx_word' id='word_1_82' title='bbox 1166 658 1351 710; x_wconf 86' lang='lat' dir='ltr'>Iosephus</span> <span class='ocrx_word' id='word_1_83' title='bbox 1397 654 1641 710; x_wconf 76' lang='grc' dir='ltr'><em>βασιλεύων</em></span> <span class='ocrx_word' id='word_1_84' title='bbox 1680 653 1921 710; x_wconf 70' lang='grc' dir='ltr'><em>Ἀρμενίας)</em></span> <span class='ocrx_word' id='word_1_85' title='bbox 1962 670 1994 696; x_wconf 90' lang='lat' dir='ltr'>a.</span> <span class='ocrx_word' id='word_1_86' title='bbox 2026 671 2060 709; x_wconf 91' lang='lat' dir='ltr'>p.</span> <span class='ocrx_word' id='word_1_87' title='bbox 2091 658 2130 697; x_wconf 92' lang='lat' dir='ltr'>C.</span> <span class='ocrx_word' id='word_1_88' title='bbox 2162 657 2214 697; x_wconf 87' lang='grc'>36</span> 
     </span>
     <span class='ocr_line' id='line_1_9' title="bbox 425 724 2214 780; baseline -0.002 -11"><span class='ocrx_word' id='word_1_89' title='bbox 425 730 567 769; x_wconf 91' lang='lat' dir='ltr'>Tiberii</span> <span class='ocrx_word' id='word_1_90' title='bbox 597 729 707 768; x_wconf 90' lang='lat' dir='ltr'>iussu</span> <span class='ocrx_word' id='word_1_91' title='bbox 746 729 791 768; x_wconf 91' lang='lat' dir='ltr'>ad</span> <span class='ocrx_word' id='word_1_92' title='bbox 830 727 1060 780; x_wconf 87' lang='lat' dir='ltr'>supplicium</span> <span class='ocrx_word' id='word_1_93' title='bbox 1101 727 1240 766; x_wconf 88' lang='lat' dir='ltr'>ductus</span> <span class='ocrx_word' id='word_1_94' title='bbox 1280 733 1338 765; x_wconf 90' lang='lat' dir='ltr'>est</span> <span class='ocrx_word' id='word_1_95' title='bbox 1374 739 1445 765; x_wconf 90' lang='grc'>1188</span> <span class='ocrx_word' id='word_1_96' title='bbox 1482 724 1622 764; x_wconf 87' lang='lat' dir='ltr'>liberos</span> <span class='ocrx_word' id='word_1_97' title='bbox 1668 725 1835 777; x_wconf 89' lang='lat' dir='ltr'>reliquit,</span> <span class='ocrx_word' id='word_1_98' title='bbox 1882 725 2039 765; x_wconf 87' lang='lat' dir='ltr'>alterius</span> <span class='ocrx_word' id='word_1_99' title='bbox 2085 732 2214 766; x_wconf 88' lang='lat' dir='ltr'>autem</span> 
     </span>
     <span class='ocr_line' id='line_1_10' title="bbox 426 794 2216 847; baseline -0.001 -11"><span class='ocrx_word' id='word_1_100' title='bbox 426 798 492 836; x_wconf 83' lang='lat' dir='ltr'>filii</span> <span class='ocrx_word' id='word_1_101' title='bbox 522 798 725 836; x_wconf 78' lang='lat' dir='ltr'>Alexandri</span> <span class='ocrx_word' id='word_1_102' title='bbox 757 796 857 835; x_wconf 85' lang='lat' dir='ltr'>filius</span> <span class='ocrx_word' id='word_1_103' title='bbox 888 796 1072 847; x_wconf 85' lang='lat' dir='ltr'>Tigranes</span> <span class='ocrx_word' id='word_1_104' title='bbox 1103 802 1236 847; x_wconf 87' lang='lat' dir='ltr'>postea</span> <span class='ocrx_word' id='word_1_105' title='bbox 1267 808 1288 834; x_wconf 89' lang='lat' dir='ltr'>a</span> <span class='ocrx_word' id='word_1_106' title='bbox 1317 794 1470 833; x_wconf 83' lang='lat' dir='ltr'>Nerone</span> <span class='ocrx_word' id='word_1_107' title='bbox 1500 807 1531 833; x_wconf 89' lang='lat' dir='ltr'>a.</span> <span class='ocrx_word' id='word_1_108' title='bbox 1555 808 1592 846; x_wconf 91' lang='lat' dir='ltr'>p.</span> <span class='ocrx_word' id='word_1_109' title='bbox 1616 794 1655 833; x_wconf 91' lang='lat' dir='ltr'>C.</span> <span class='ocrx_word' id='word_1_110' title='bbox 1679 795 1730 834; x_wconf 86' lang='grc'>60</span> <span class='ocrx_word' id='word_1_111' title='bbox 1763 808 1830 833; x_wconf 87' lang='lat' dir='ltr'>rex</span> <span class='ocrx_word' id='word_1_112' title='bbox 1860 794 2061 834; x_wconf 83' lang='lat' dir='ltr'>Armeniae</span> <span class='ocrx_word' id='word_1_113' title='bbox 2093 797 2216 834; x_wconf 83' lang='lat' dir='ltr'>sactus</span> 
     </span>
     <span class='ocr_line' id='line_1_11' title="bbox 426 863 2217 916; baseline -0.002 -11"><span class='ocrx_word' id='word_1_114' title='bbox 426 872 493 906; x_wconf 89' lang='lat' dir='ltr'>est.</span> <span class='ocrx_word' id='word_1_115' title='bbox 556 866 661 905; x_wconf 91' lang='lat' dir='ltr'>Hanc</span> <span class='ocrx_word' id='word_1_116' title='bbox 690 864 893 904; x_wconf 84' lang='lat' dir='ltr'>Alexandri</span> <span class='ocrx_word' id='word_1_117' title='bbox 932 864 1092 916; x_wconf 90' lang='lat' dir='ltr'>stirpem</span> <span class='ocrx_word' id='word_1_118' title='bbox 1131 864 1378 903; x_wconf 87' lang='lat' dir='ltr'>coniunctam</span> <span class='ocrx_word' id='word_1_119' title='bbox 1419 863 1537 902; x_wconf 83' lang='lat' dir='ltr'>fuisse</span> <span class='ocrx_word' id='word_1_120' title='bbox 1569 876 1657 902; x_wconf 85' lang='lat' dir='ltr'>cum</span> <span class='ocrx_word' id='word_1_121' title='bbox 1689 864 1791 914; x_wconf 87' lang='lat' dir='ltr'>regia</span> <span class='ocrx_word' id='word_1_122' title='bbox 1821 864 2002 903; x_wconf 88' lang='lat' dir='ltr'>Armenia</span> <span class='ocrx_word' id='word_1_123' title='bbox 2033 875 2122 902; x_wconf 89' lang='lat' dir='ltr'>cum</span> <span class='ocrx_word' id='word_1_124' title='bbox 2150 863 2217 902; x_wconf 92' lang='lat' dir='ltr'>Ti-</span> 
     </span>
     <span class='ocr_line' id='line_1_12' title="bbox 427 931 2218 987; baseline -0.001 -14"><span class='ocrx_word' id='word_1_125' title='bbox 427 935 551 987; x_wconf 89' lang='lat' dir='ltr'>granis</span> <span class='ocrx_word' id='word_1_126' title='bbox 589 946 731 973; x_wconf 89' lang='lat' dir='ltr'>nomen</span> <span class='ocrx_word' id='word_1_127' title='bbox 768 934 897 985; x_wconf 86' lang='lat' dir='ltr'>prodit</span> <span class='ocrx_word' id='word_1_128' title='bbox 935 940 1013 972; x_wconf 89' lang='lat' dir='ltr'>tam</span> <span class='ocrx_word' id='word_1_129' title='bbox 1052 933 1129 972; x_wconf 89' lang='lat' dir='ltr'>filio</span> <span class='ocrx_word' id='word_1_130' title='bbox 1167 945 1283 984; x_wconf 87' lang='lat' dir='ltr'>quam</span> <span class='ocrx_word' id='word_1_131' title='bbox 1322 931 1454 983; x_wconf 86' lang='lat' dir='ltr'>nepoti</span> <span class='ocrx_word' id='word_1_132' title='bbox 1483 931 1688 971; x_wconf 78' lang='lat' dir='ltr'>Alexandri</span> <span class='ocrx_word' id='word_1_133' title='bbox 1717 932 1958 983; x_wconf 86' lang='lat' dir='ltr'>impositum,</span> <span class='ocrx_word' id='word_1_134' title='bbox 2001 938 2084 971; x_wconf 88' lang='lat' dir='ltr'>tum</span> <span class='ocrx_word' id='word_1_135' title='bbox 2115 933 2218 983; x_wconf 91' lang='lat' dir='ltr'>quod</span> 
     </span>
     <span class='ocr_line' id='line_1_13' title="bbox 426 1000 2217 1054; baseline -0.001 -13"><span class='ocrx_word' id='word_1_136' title='bbox 426 1003 638 1042; x_wconf 85' lang='lat' dir='ltr'>Neroniana</span> <span class='ocrx_word' id='word_1_137' title='bbox 671 1008 791 1041; x_wconf 87' lang='lat' dir='ltr'>aetate</span> <span class='ocrx_word' id='word_1_138' title='bbox 823 1014 868 1040; x_wconf 83' lang='lat' dir='ltr'>ex</span> <span class='ocrx_word' id='word_1_139' title='bbox 899 1001 970 1040; x_wconf 90' lang='lat' dir='ltr'>hac</span> <span class='ocrx_word' id='word_1_140' title='bbox 1001 1001 1120 1054; x_wconf 82' lang='lat' dir='ltr'>stirpe</span> <span class='ocrx_word' id='word_1_141' title='bbox 1143 1008 1272 1041; x_wconf 91' lang='lat' dir='ltr'>ortum</span> <span class='ocrx_word' id='word_1_142' title='bbox 1294 1001 1510 1053; x_wconf 89' lang='lat' dir='ltr'>principem</span> <span class='ocrx_word' id='word_1_143' title='bbox 1533 1000 1697 1039; x_wconf 87' lang='lat' dir='ltr'>Romani</span> <span class='ocrx_word' id='word_1_144' title='bbox 1717 1000 1909 1040; x_wconf 83' lang='lat' dir='ltr'>Arsacidis</span> <span class='ocrx_word' id='word_1_145' title='bbox 1932 1007 2217 1053; x_wconf 83' lang='lat' dir='ltr'>opposuerunt3</span> 
     </span>
     <span class='ocr_line' id='line_1_14' title="bbox 427 1066 2219 1123; baseline -0.001 -13"><span class='ocrx_word' id='word_1_146' title='bbox 427 1072 589 1121; x_wconf 86' lang='lat' dir='ltr'>denique</span> <span class='ocrx_word' id='word_1_147' title='bbox 620 1070 804 1121; x_wconf 87' lang='lat' dir='ltr'>Iosephus</span> <span class='ocrx_word' id='word_1_148' title='bbox 836 1070 872 1109; x_wconf 88' lang='lat' dir='ltr'>b.</span> <span class='ocrx_word' id='word_1_149' title='bbox 895 1070 976 1109; x_wconf 93' lang='lat' dir='ltr'>Iud.</span> <span class='ocrx_word' id='word_1_150' title='bbox 1002 1070 1037 1117; x_wconf 82' lang='lat'>2,</span> <span class='ocrx_word' id='word_1_151' title='bbox 1066 1072 1127 1117; x_wconf 87' lang='grc'>11,</span> <span class='ocrx_word' id='word_1_152' title='bbox 1150 1070 1192 1109; x_wconf 80' lang='lat'>6:</span> <span class='ocrx_word' id='word_1_153' title='bbox 1228 1067 1249 1123; x_wconf 85' lang='grc' dir='ltr'><em>ἡ</em></span> <span class='ocrx_word' id='word_1_154' title='bbox 1274 1066 1556 1122; x_wconf 59' lang='grc' dir='ltr'><em>Ἆλᾰξανδρου</em></span> <span class='ocrx_word' id='word_1_155' title='bbox 1586 1069 1728 1118; x_wconf 70' lang='grc' dir='ltr'>γενεὰ,</span> <span class='ocrx_word' id='word_1_156' title='bbox 1760 1069 1897 1120; x_wconf 89' lang='lat' dir='ltr'>inquit,</span> <span class='ocrx_word' id='word_1_157' title='bbox 1929 1070 2002 1123; x_wconf 78' lang='grc' dir='ltr'>τῆς</span> <span class='ocrx_word' id='word_1_158' title='bbox 2033 1067 2219 1123; x_wconf 73' lang='grc' dir='ltr'><em>μεγάλης</em></span> 
     </span>
     <span class='ocr_line' id='line_1_15' title="bbox 424 1136 2218 1192; baseline -0.002 -12"><span class='ocrx_word' id='word_1_159' title='bbox 424 1137 648 1192; x_wconf 67' lang='grc' dir='ltr'><em>Ἀρμενίας</em></span> <span class='ocrx_word' id='word_1_160' title='bbox 685 1136 949 1190; x_wconf 71' lang='grc' dir='ltr'><em>ἐβασίλευσε.</em></span> <span class='ocrx_word' id='word_1_161' title='bbox 1024 1138 1123 1177; x_wconf 90' lang='lat' dir='ltr'>Puto</span> <span class='ocrx_word' id='word_1_162' title='bbox 1162 1137 1337 1177; x_wconf 83' lang='lat' dir='ltr'>Archelai</span> <span class='ocrx_word' id='word_1_163' title='bbox 1382 1138 1481 1188; x_wconf 88' lang='lat' dir='ltr'>regis</span> <span class='ocrx_word' id='word_1_164' title='bbox 1520 1137 1777 1189; x_wconf 86' lang='lat' dir='ltr'>Cappadociae</span> <span class='ocrx_word' id='word_1_165' title='bbox 1823 1150 2001 1185; x_wconf 87' lang='lat' dir='ltr'>uxorem,</span> <span class='ocrx_word' id='word_1_166' title='bbox 2042 1137 2218 1189; x_wconf 86' lang='lat' dir='ltr'>Tigranis</span> 
     </span>
     <span class='ocr_line' id='line_1_16' title="bbox 427 1206 2219 1258; baseline -0.001 -11"><span class='ocrx_word' id='word_1_167' title='bbox 427 1208 549 1248; x_wconf 86' lang='lat' dir='ltr'>aviam</span> <span class='ocrx_word' id='word_1_168' title='bbox 582 1214 794 1247; x_wconf 87' lang='lat' dir='ltr'>maternam</span> <span class='ocrx_word' id='word_1_169' title='bbox 825 1207 936 1246; x_wconf 90' lang='lat' dir='ltr'>nobis</span> <span class='ocrx_word' id='word_1_170' title='bbox 967 1206 1137 1258; x_wconf 88' lang='lat' dir='ltr'>ignotam</span> <span class='ocrx_word' id='word_1_171' title='bbox 1170 1220 1215 1246; x_wconf 81' lang='lat' dir='ltr'>ex</span> <span class='ocrx_word' id='word_1_172' title='bbox 1247 1207 1362 1245; x_wconf 90' lang='lat' dir='ltr'>domo</span> <span class='ocrx_word' id='word_1_173' title='bbox 1383 1206 1565 1245; x_wconf 86' lang='lat' dir='ltr'>Armenia</span> <span class='ocrx_word' id='word_1_174' title='bbox 1595 1206 1695 1257; x_wconf 87' lang='lat' dir='ltr'>regia</span> <span class='ocrx_word' id='word_1_175' title='bbox 1728 1206 1917 1258; x_wconf 88' lang='lat' dir='ltr'>originem</span> <span class='ocrx_word' id='word_1_176' title='bbox 1949 1208 2114 1246; x_wconf 85' lang='lat' dir='ltr'>duxisse.</span> <span class='ocrx_word' id='word_1_177' title='bbox 2174 1207 2219 1246; x_wconf 91' lang='lat' dir='ltr'>ln</span> 
     </span>
     <span class='ocr_line' id='line_1_17' title="bbox 427 1275 2219 1329; baseline -0.001 -13"><span class='ocrx_word' id='word_1_178' title='bbox 427 1278 630 1329; x_wconf 87' lang='lat' dir='ltr'>Tigranem</span> <span class='ocrx_word' id='word_1_179' title='bbox 662 1276 798 1315; x_wconf 88' lang='lat' dir='ltr'>indicis</span> <span class='ocrx_word' id='word_1_180' title='bbox 830 1282 907 1315; x_wconf 87' lang='lat' dir='ltr'>tam</span> <span class='ocrx_word' id='word_1_181' title='bbox 939 1282 1042 1315; x_wconf 87' lang='lat' dir='ltr'>recte</span> <span class='ocrx_word' id='word_1_182' title='bbox 1073 1276 1310 1315; x_wconf 85' lang='lat' dir='ltr'>conveniunt</span> <span class='ocrx_word' id='word_1_183' title='bbox 1341 1275 1469 1314; x_wconf 92' lang='lat' dir='ltr'>omnia</span> <span class='ocrx_word' id='word_1_184' title='bbox 1500 1288 1596 1326; x_wconf 85' lang='lat' dir='ltr'>quae</span> <span class='ocrx_word' id='word_1_185' title='bbox 1627 1289 1646 1314; x_wconf 94' lang='lat' dir='ltr'>a</span> <span class='ocrx_word' id='word_1_186' title='bbox 1678 1276 1809 1315; x_wconf 90' lang='lat' dir='ltr'>Tacito</span> <span class='ocrx_word' id='word_1_187' title='bbox 1847 1276 2087 1328; x_wconf 89' lang='lat' dir='ltr'>Iosephoque</span> <span class='ocrx_word' id='word_1_188' title='bbox 2126 1288 2219 1315; x_wconf 91' lang='lat' dir='ltr'>nar-</span> 
     </span>
     <span class='ocr_line' id='line_1_18' title="bbox 427 1343 2219 1396; baseline -0.001 -11"><span class='ocrx_word' id='word_1_189' title='bbox 427 1352 563 1385; x_wconf 91' lang='lat' dir='ltr'>rantur</span> <span class='ocrx_word' id='word_1_190' title='bbox 592 1346 645 1384; x_wconf 64' lang='lat' dir='ltr'>tle</span> <span class='ocrx_word' id='word_1_191' title='bbox 682 1344 844 1396; x_wconf 82' lang='lat' dir='ltr'>Tigrane</span> <span class='ocrx_word' id='word_1_192' title='bbox 881 1358 901 1384; x_wconf 87' lang='lat' dir='ltr'>a</span> <span class='ocrx_word' id='word_1_193' title='bbox 940 1345 1092 1384; x_wconf 89' lang='lat' dir='ltr'>Tiberio</span> <span class='ocrx_word' id='word_1_194' title='bbox 1138 1344 1340 1383; x_wconf 86' lang='lat' dir='ltr'>interfecto</span> <span class='ocrx_word' id='word_1_195' title='bbox 1378 1343 1559 1382; x_wconf 90' lang='lat' dir='ltr'>Armenia</span> <span class='ocrx_word' id='word_1_196' title='bbox 1604 1344 1801 1395; x_wconf 88' lang='lat' dir='ltr'>quondam</span> <span class='ocrx_word' id='word_1_197' title='bbox 1844 1345 1966 1395; x_wconf 84' lang='lat' dir='ltr'>potito</span> <span class='ocrx_word' id='word_1_198' title='bbox 2011 1351 2048 1383; x_wconf 92' lang='lat' dir='ltr'>et</span> <span class='ocrx_word' id='word_1_199' title='bbox 2094 1344 2219 1395; x_wconf 88' lang='lat' dir='ltr'>aliqua</span> 
     </span>
     <span class='ocr_line' id='line_1_19' title="bbox 427 1412 2220 1465; baseline -0.001 -11"><span class='ocrx_word' id='word_1_200' title='bbox 427 1415 572 1454; x_wconf 90' lang='lat' dir='ltr'>ratione</span> <span class='ocrx_word' id='word_1_201' title='bbox 618 1414 664 1453; x_wconf 89' lang='lat' dir='ltr'>ad</span> <span class='ocrx_word' id='word_1_202' title='bbox 710 1413 868 1465; x_wconf 85' lang='lat' dir='ltr'>stirpem</span> <span class='ocrx_word' id='word_1_203' title='bbox 899 1413 1121 1452; x_wconf 87' lang='lat' dir='ltr'>Armeniam</span> <span class='ocrx_word' id='word_1_204' title='bbox 1153 1412 1297 1464; x_wconf 91' lang='lat' dir='ltr'>regiam</span> <span class='ocrx_word' id='word_1_205' title='bbox 1327 1412 1562 1464; x_wconf 79' lang='lat' dir='ltr'>pertinente,</span> <span class='ocrx_word' id='word_1_206' title='bbox 1603 1418 1645 1451; x_wconf 89' lang='lat' dir='ltr'>ut</span> <span class='ocrx_word' id='word_1_207' title='bbox 1681 1413 1897 1451; x_wconf 90' lang='lat' dir='ltr'>necessario</span> <span class='ocrx_word' id='word_1_208' title='bbox 1933 1412 2036 1452; x_wconf 91' lang='lat' dir='ltr'>idem</span> <span class='ocrx_word' id='word_1_209' title='bbox 2074 1413 2220 1452; x_wconf 88' lang='lat' dir='ltr'>haben-</span> 
     </span>
     <span class='ocr_line' id='line_1_20' title="bbox 429 1480 2219 1534; baseline -0.002 -11"><span class='ocrx_word' id='word_1_210' title='bbox 429 1485 500 1523; x_wconf 92' lang='lat' dir='ltr'>dus</span> <span class='ocrx_word' id='word_1_211' title='bbox 546 1483 608 1523; x_wconf 89' lang='lat' dir='ltr'>sit.</span> <span class='ocrx_word' id='word_1_212' title='bbox 678 1482 921 1522; x_wconf 87' lang='lat' dir='ltr'>Contrarium</span> <span class='ocrx_word' id='word_1_213' title='bbox 962 1482 1117 1534; x_wconf 84' lang='lat' dir='ltr'>quidem</span> <span class='ocrx_word' id='word_1_214' title='bbox 1155 1481 1324 1521; x_wconf 87' lang='lat' dir='ltr'>defendit</span> <span class='ocrx_word' id='word_1_215' title='bbox 1360 1480 1614 1533; x_wconf 82' lang='lat' dir='ltr'>Nipperdeius</span> <span class='ocrx_word' id='word_1_216' title='bbox 1655 1482 1701 1520; x_wconf 91' lang='lat' dir='ltr'>ad</span> <span class='ocrx_word' id='word_1_217' title='bbox 1731 1481 1818 1521; x_wconf 84' lang='lat' dir='ltr'>Tae.</span> <span class='ocrx_word' id='word_1_218' title='bbox 1842 1482 1879 1529; x_wconf 89' lang='grc'>6,</span> <span class='ocrx_word' id='word_1_219' title='bbox 1902 1482 1954 1520; x_wconf 75' lang='lat'>40</span> <span class='ocrx_word' id='word_1_220' title='bbox 1984 1481 2219 1530; x_wconf 87' lang='lat' dir='ltr'>Armeniam,</span> 
     </span>
     <span class='ocr_line' id='line_1_21' title="bbox 429 1549 2220 1605; baseline -0.001 -13"><span class='ocrx_word' id='word_1_221' title='bbox 429 1566 503 1605; x_wconf 85' lang='lat' dir='ltr'>qua</span> <span class='ocrx_word' id='word_1_222' title='bbox 541 1552 724 1604; x_wconf 85' lang='lat' dir='ltr'>Tigranes</span> <span class='ocrx_word' id='word_1_223' title='bbox 761 1565 780 1591; x_wconf 88' lang='lat' dir='ltr'>a</span> <span class='ocrx_word' id='word_1_224' title='bbox 811 1551 963 1590; x_wconf 89' lang='lat' dir='ltr'>Tiberio</span> <span class='ocrx_word' id='word_1_225' title='bbox 1001 1551 1227 1590; x_wconf 85' lang='lat' dir='ltr'>interfectus</span> <span class='ocrx_word' id='word_1_226' title='bbox 1265 1550 1461 1602; x_wconf 88' lang='lat' dir='ltr'>quondam</span> <span class='ocrx_word' id='word_1_227' title='bbox 1506 1549 1653 1601; x_wconf 91' lang='lat' dir='ltr'>potitus</span> <span class='ocrx_word' id='word_1_228' title='bbox 1700 1550 1760 1596; x_wconf 87' lang='lat' dir='ltr'>sit,</span> <span class='ocrx_word' id='word_1_229' title='bbox 1809 1556 1982 1589; x_wconf 90' lang='lat' dir='ltr'>statuens</span> <span class='ocrx_word' id='word_1_230' title='bbox 2029 1551 2220 1590; x_wconf 86' lang='lat' dir='ltr'>minorem</span> 
     </span>
     <span class='ocr_line' id='line_1_22' title="bbox 429 1619 2221 1672; baseline -0.002 -11"><span class='ocrx_word' id='word_1_231' title='bbox 429 1635 513 1661; x_wconf 91' lang='lat' dir='ltr'>esse</span> <span class='ocrx_word' id='word_1_232' title='bbox 544 1621 590 1661; x_wconf 88' lang='lat' dir='ltr'>ab</span> <span class='ocrx_word' id='word_1_233' title='bbox 621 1634 689 1660; x_wconf 87' lang='lat' dir='ltr'>avo</span> <span class='ocrx_word' id='word_1_234' title='bbox 726 1620 807 1659; x_wconf 90' lang='lat' dir='ltr'>eius</span> <span class='ocrx_word' id='word_1_235' title='bbox 838 1620 1022 1659; x_wconf 83' lang='lat' dir='ltr'>Archelao</span> <span class='ocrx_word' id='word_1_236' title='bbox 1054 1619 1311 1672; x_wconf 86' lang='lat' dir='ltr'>Cappadociae</span> <span class='ocrx_word' id='word_1_237' title='bbox 1347 1631 1435 1670; x_wconf 89' lang='lat' dir='ltr'>rege</span> <span class='ocrx_word' id='word_1_238' title='bbox 1473 1619 1668 1669; x_wconf 83' lang='lat' dir='ltr'>quondam</span> <span class='ocrx_word' id='word_1_239' title='bbox 1710 1632 1942 1670; x_wconf 88' lang='lat' dir='ltr'>possessam.</span> <span class='ocrx_word' id='word_1_240' title='bbox 2002 1620 2051 1658; x_wconf 87' lang='lat' dir='ltr'>At</span> <span class='ocrx_word' id='word_1_241' title='bbox 2080 1625 2118 1658; x_wconf 92' lang='lat' dir='ltr'>et</span> <span class='ocrx_word' id='word_1_242' title='bbox 2147 1620 2221 1658; x_wconf 89' lang='lat' dir='ltr'>Ar-</span> 
     </span>
     <span class='ocr_line' id='line_1_23' title="bbox 430 1687 2220 1741; baseline -0.002 -10"><span class='ocrx_word' id='word_1_243' title='bbox 430 1691 569 1738; x_wconf 87' lang='lat' dir='ltr'>menia,</span> <span class='ocrx_word' id='word_1_244' title='bbox 601 1689 667 1729; x_wconf 88' lang='lat' dir='ltr'>ubi</span> <span class='ocrx_word' id='word_1_245' title='bbox 699 1689 923 1741; x_wconf 91' lang='lat' dir='ltr'>simpliciter</span> <span class='ocrx_word' id='word_1_246' title='bbox 952 1690 1005 1728; x_wconf 86' lang='lat' dir='ltr'>ita</span> <span class='ocrx_word' id='word_1_247' title='bbox 1036 1689 1260 1740; x_wconf 88' lang='lat' dir='ltr'>appellatur,</span> <span class='ocrx_word' id='word_1_248' title='bbox 1293 1687 1450 1727; x_wconf 88' lang='lat' dir='ltr'>omnino</span> <span class='ocrx_word' id='word_1_249' title='bbox 1483 1687 1605 1725; x_wconf 88' lang='lat' dir='ltr'>maior</span> <span class='ocrx_word' id='word_1_250' title='bbox 1636 1693 1710 1735; x_wconf 88' lang='lat' dir='ltr'>est,</span> <span class='ocrx_word' id='word_1_251' title='bbox 1744 1694 1781 1727; x_wconf 90' lang='lat' dir='ltr'>et</span> <span class='ocrx_word' id='word_1_252' title='bbox 1807 1694 1983 1740; x_wconf 90' lang='lat' dir='ltr'>posteros</span> <span class='ocrx_word' id='word_1_253' title='bbox 2004 1688 2220 1737; x_wconf 86' lang='lat' dir='ltr'>Alexandri,</span> 
     </span>
     <span class='ocr_line' id='line_1_24' title="bbox 430 1756 2222 1810; baseline -0.002 -10"><span class='ocrx_word' id='word_1_254' title='bbox 430 1761 469 1800; x_wconf 88' lang='lat' dir='ltr'>id</span> <span class='ocrx_word' id='word_1_255' title='bbox 509 1766 567 1799; x_wconf 88' lang='lat' dir='ltr'>est</span> <span class='ocrx_word' id='word_1_256' title='bbox 609 1759 799 1810; x_wconf 89' lang='lat' dir='ltr'>Tigranen</span> <span class='ocrx_word' id='word_1_257' title='bbox 847 1764 1068 1809; x_wconf 89' lang='lat' dir='ltr'>utrumque,</span> <span class='ocrx_word' id='word_1_258' title='bbox 1115 1758 1332 1808; x_wconf 86' lang='lat' dir='ltr'>regnavisse</span> <span class='ocrx_word' id='word_1_259' title='bbox 1378 1757 1417 1796; x_wconf 91' lang='lat' dir='ltr'>in</span> <span class='ocrx_word' id='word_1_260' title='bbox 1464 1756 1608 1796; x_wconf 87' lang='lat' dir='ltr'>maiore</span> <span class='ocrx_word' id='word_1_261' title='bbox 1647 1756 1827 1795; x_wconf 86' lang='lat' dir='ltr'>Armenia</span> <span class='ocrx_word' id='word_1_262' title='bbox 1873 1757 2013 1796; x_wconf 83' lang='lat' dir='ltr'>diserte</span> <span class='ocrx_word' id='word_1_263' title='bbox 2061 1763 2222 1797; x_wconf 89' lang='lat' dir='ltr'>testatur</span> 
     </span>
     <span class='ocr_line' id='line_1_25' title="bbox 431 1826 2223 1881; baseline -0.001 -13"><span class='ocrx_word' id='word_1_264' title='bbox 431 1829 617 1881; x_wconf 88' lang='lat' dir='ltr'>Iosephus</span> <span class='ocrx_word' id='word_1_265' title='bbox 641 1829 679 1876; x_wconf 87' lang='lat' dir='ltr'>(l.</span> <span class='ocrx_word' id='word_1_266' title='bbox 703 1831 774 1877; x_wconf 85' lang='lat' dir='ltr'>c.);</span> <span class='ocrx_word' id='word_1_267' title='bbox 808 1827 971 1878; x_wconf 89' lang='lat' dir='ltr'>denique</span> <span class='ocrx_word' id='word_1_268' title='bbox 993 1839 1071 1866; x_wconf 89' lang='lat' dir='ltr'>non</span> <span class='ocrx_word' id='word_1_269' title='bbox 1092 1827 1293 1878; x_wconf 88' lang='lat' dir='ltr'>adsequor,</span> <span class='ocrx_word' id='word_1_270' title='bbox 1326 1827 1520 1877; x_wconf 88' lang='lat' dir='ltr'>quomodo</span> <span class='ocrx_word' id='word_1_271' title='bbox 1541 1832 1755 1878; x_wconf 84' lang='lat' dir='ltr'>propterea,</span> <span class='ocrx_word' id='word_1_272' title='bbox 1779 1826 1881 1877; x_wconf 86' lang='lat' dir='ltr'>quod</span> <span class='ocrx_word' id='word_1_273' title='bbox 1902 1838 1995 1865; x_wconf 88' lang='lat' dir='ltr'>avus</span> <span class='ocrx_word' id='word_1_274' title='bbox 2015 1826 2223 1866; x_wconf 85' lang='lat' dir='ltr'>Archelaus</span> 
     </span>
     <span class='ocr_line' id='line_1_26' title="bbox 433 1895 2074 1948; baseline -0.002 -11"><span class='ocrx_word' id='word_1_275' title='bbox 433 1897 654 1938; x_wconf 89' lang='lat' dir='ltr'>Armeniam</span> <span class='ocrx_word' id='word_1_276' title='bbox 686 1896 877 1935; x_wconf 90' lang='lat' dir='ltr'>minorem</span> <span class='ocrx_word' id='word_1_277' title='bbox 909 1895 1112 1947; x_wconf 85' lang='lat' dir='ltr'>aliquando</span> <span class='ocrx_word' id='word_1_278' title='bbox 1143 1896 1288 1943; x_wconf 85' lang='lat' dir='ltr'>habuit,</span> <span class='ocrx_word' id='word_1_279' title='bbox 1320 1908 1441 1948; x_wconf 91' lang='lat' dir='ltr'>nepos</span> <span class='ocrx_word' id='word_1_280' title='bbox 1473 1896 1545 1934; x_wconf 91' lang='lat' dir='ltr'>dici</span> <span class='ocrx_word' id='word_1_281' title='bbox 1575 1895 1697 1947; x_wconf 84' lang='lat' dir='ltr'>possit</span> <span class='ocrx_word' id='word_1_282' title='bbox 1728 1907 1770 1934; x_wconf 89' lang='lat' dir='ltr'>ea</span> <span class='ocrx_word' id='word_1_283' title='bbox 1800 1895 1946 1947; x_wconf 87' lang='lat' dir='ltr'>potitus</span> <span class='ocrx_word' id='word_1_284' title='bbox 1977 1908 2074 1934; x_wconf 92' lang='lat' dir='ltr'>esse.</span> 
     </span>
     <span class='ocr_line' id='line_1_27' title="bbox 562 1963 2224 2016; baseline -0.001 -12"><span class='ocrx_word' id='word_1_285' title='bbox 562 1964 765 2005; x_wconf 90' lang='lat' dir='ltr'>Armeniae</span> <span class='ocrx_word' id='word_1_286' title='bbox 802 1977 964 2016; x_wconf 88' lang='lat' dir='ltr'>regnum</span> <span class='ocrx_word' id='word_1_287' title='bbox 1000 1963 1183 2015; x_wconf 87' lang='lat' dir='ltr'>Tigranes</span> <span class='ocrx_word' id='word_1_288' title='bbox 1223 1977 1300 2004; x_wconf 91' lang='lat' dir='ltr'>non</span> <span class='ocrx_word' id='word_1_289' title='bbox 1338 1965 1402 2004; x_wconf 91' lang='lat' dir='ltr'>diu</span> <span class='ocrx_word' id='word_1_290' title='bbox 1449 1963 1616 2004; x_wconf 87' lang='lat' dir='ltr'>tenuerit</span> <span class='ocrx_word' id='word_1_291' title='bbox 1656 1977 1813 2003; x_wconf 90' lang='lat' dir='ltr'>necesse</span> <span class='ocrx_word' id='word_1_292' title='bbox 1859 1970 1928 2010; x_wconf 89' lang='lat' dir='ltr'>est,</span> <span class='ocrx_word' id='word_1_293' title='bbox 1977 1977 2065 2003; x_wconf 91' lang='lat' dir='ltr'>cum</span> <span class='ocrx_word' id='word_1_294' title='bbox 2111 1977 2224 2016; x_wconf 89' lang='lat' dir='ltr'>prae-</span> 
     </span>
     <span class='ocr_line' id='line_1_28' title="bbox 431 2032 2224 2085; baseline -0.002 -9"><span class='ocrx_word' id='word_1_295' title='bbox 431 2035 563 2076; x_wconf 88' lang='lat' dir='ltr'>sertim</span> <span class='ocrx_word' id='word_1_296' title='bbox 607 2048 627 2074; x_wconf 85' lang='lat' dir='ltr'>a</span> <span class='ocrx_word' id='word_1_297' title='bbox 663 2034 794 2073; x_wconf 88' lang='lat' dir='ltr'>Tacito</span> <span class='ocrx_word' id='word_1_298' title='bbox 839 2040 1121 2085; x_wconf 87' lang='lat' dir='ltr'>praetereatur,</span> <span class='ocrx_word' id='word_1_299' title='bbox 1168 2034 1303 2085; x_wconf 90' lang='lat' dir='ltr'>pulsus</span> <span class='ocrx_word' id='word_1_300' title='bbox 1350 2033 1527 2073; x_wconf 75' lang='lat' dir='ltr'>videlicet</span> <span class='ocrx_word' id='word_1_301' title='bbox 1562 2047 1582 2072; x_wconf 87' lang='lat' dir='ltr'>a</span> <span class='ocrx_word' id='word_1_302' title='bbox 1619 2033 1786 2073; x_wconf 84' lang='lat' dir='ltr'>factione</span> <span class='ocrx_word' id='word_1_303' title='bbox 1823 2033 2013 2072; x_wconf 89' lang='lat' dir='ltr'>Parthica.</span> <span class='ocrx_word' id='word_1_304' title='bbox 2082 2032 2224 2073; x_wconf 87' lang='lat' dir='ltr'>Scribit</span> 
     </span>
     <span class='ocr_line' id='line_1_29' title="bbox 431 2101 2223 2156; baseline -0.003 -11"><span class='ocrx_word' id='word_1_305' title='bbox 431 2107 464 2146; x_wconf 92' lang='lat' dir='ltr'>is</span> <span class='ocrx_word' id='word_1_306' title='bbox 498 2110 727 2156; x_wconf 86' lang='lat' dir='ltr'>temptatum</span> <span class='ocrx_word' id='word_1_307' title='bbox 759 2101 895 2141; x_wconf 90' lang='lat' dir='ltr'>deinde</span> <span class='ocrx_word' id='word_1_308' title='bbox 927 2114 1011 2140; x_wconf 91' lang='lat' dir='ltr'>esse</span> <span class='ocrx_word' id='word_1_309' title='bbox 1041 2101 1250 2153; x_wconf 87' lang='lat' dir='ltr'>imperium</span> <span class='ocrx_word' id='word_1_310' title='bbox 1272 2103 1437 2141; x_wconf 88' lang='lat' dir='ltr'>feminae</span> <span class='ocrx_word' id='word_1_311' title='bbox 1460 2102 1521 2142; x_wconf 91' lang='lat' dir='ltr'>cui</span> <span class='ocrx_word' id='word_1_312' title='bbox 1543 2115 1687 2142; x_wconf 91' lang='lat' dir='ltr'>nomen</span> <span class='ocrx_word' id='word_1_313' title='bbox 1708 2102 1836 2149; x_wconf 79' lang='lat' dir='ltr'>Erato,</span> <span class='ocrx_word' id='word_1_314' title='bbox 1869 2102 2042 2141; x_wconf 88' lang='lat' dir='ltr'>eiusdem</span> <span class='ocrx_word' id='word_1_315' title='bbox 2065 2102 2223 2141; x_wconf 91' lang='lat' dir='ltr'>omnino</span> 
     </span>
     <span class='ocr_line' id='line_1_30' title="bbox 433 2170 2225 2226; baseline -0.002 -13"><span class='ocrx_word' id='word_1_316' title='bbox 433 2187 530 2226; x_wconf 86' lang='lat' dir='ltr'>quae</span> <span class='ocrx_word' id='word_1_317' title='bbox 560 2178 671 2212; x_wconf 88' lang='lat' dir='ltr'>antea</span> <span class='ocrx_word' id='word_1_318' title='bbox 700 2176 879 2223; x_wconf 90' lang='lat' dir='ltr'>regnarat</span> <span class='ocrx_word' id='word_1_319' title='bbox 909 2182 998 2209; x_wconf 89' lang='lat' dir='ltr'>cum</span> <span class='ocrx_word' id='word_1_320' title='bbox 1029 2172 1145 2209; x_wconf 88' lang='lat' dir='ltr'>fratre</span> <span class='ocrx_word' id='word_1_321' title='bbox 1177 2177 1215 2209; x_wconf 87' lang='lat' dir='ltr'>et</span> <span class='ocrx_word' id='word_1_322' title='bbox 1245 2171 1382 2210; x_wconf 85' lang='lat' dir='ltr'>marito</span> <span class='ocrx_word' id='word_1_323' title='bbox 1414 2170 1576 2222; x_wconf 89' lang='lat' dir='ltr'>Tigrane</span> <span class='ocrx_word' id='word_1_324' title='bbox 1606 2171 1669 2218; x_wconf 87' lang='lat' dir='ltr'>Ill,</span> <span class='ocrx_word' id='word_1_325' title='bbox 1710 2171 1777 2209; x_wconf 89' lang='lat' dir='ltr'>sed</span> <span class='ocrx_word' id='word_1_326' title='bbox 1806 2171 1906 2209; x_wconf 89' lang='lat' dir='ltr'>hanc</span> <span class='ocrx_word' id='word_1_327' title='bbox 1935 2183 2089 2222; x_wconf 90' lang='lat' dir='ltr'>quoque</span> <span class='ocrx_word' id='word_1_328' title='bbox 2120 2170 2225 2210; x_wconf 86' lang='lat' dir='ltr'>brevi</span> 
     </span>
     <span class='ocr_line' id='line_1_31' title="bbox 432 2238 2224 2295; baseline -0.002 -13"><span class='ocrx_word' id='word_1_329' title='bbox 432 2243 582 2295; x_wconf 87' lang='lat' dir='ltr'>pulsam</span> <span class='ocrx_word' id='word_1_330' title='bbox 613 2253 709 2279; x_wconf 90' lang='lat' dir='ltr'>esse.</span> <span class='ocrx_word' id='word_1_331' title='bbox 741 2262 795 2267; x_wconf 89' lang='lat'>—-</span> <span class='ocrx_word' id='word_1_332' title='bbox 824 2239 966 2278; x_wconf 75' lang='lat' dir='ltr'>Incerti</span> <span class='ocrx_word' id='word_1_333' title='bbox 993 2238 1130 2277; x_wconf 86' lang='lat' dir='ltr'>deinde</span> <span class='ocrx_word' id='word_1_334' title='bbox 1166 2239 1347 2291; x_wconf 76' lang='lat' dir='ltr'>solutique</span> <span class='ocrx_word' id='word_1_335' title='bbox 1376 2239 1560 2284; x_wconf 88' lang='lat' dir='ltr'>Armenii,</span> <span class='ocrx_word' id='word_1_336' title='bbox 1607 2239 1760 2278; x_wconf 87' lang='lat' dir='ltr'>Tacitus</span> <span class='ocrx_word' id='word_1_337' title='bbox 1801 2239 1864 2286; x_wconf 90' lang='lat' dir='ltr'>ait,</span> <span class='ocrx_word' id='word_1_338' title='bbox 1911 2247 1944 2279; x_wconf 79' lang='lat' dir='ltr'>et</span> <span class='ocrx_word' id='word_1_339' title='bbox 1986 2242 2102 2291; x_wconf 71' lang='lat' dir='ltr'>mayz‘s</span> <span class='ocrx_word' id='word_1_340' title='bbox 2146 2243 2224 2280; x_wconf 79' lang='lat' dir='ltr'>sine</span> 
     </span>
     <span class='ocr_line' id='line_1_32' title="bbox 433 2307 2222 2361; baseline -0.001 -11"><span class='ocrx_word' id='word_1_341' title='bbox 433 2312 583 2350; x_wconf 77' lang='lat' dir='ltr'>domino</span> <span class='ocrx_word' id='word_1_342' title='bbox 615 2322 726 2361; x_wconf 77' lang='lat' dir='ltr'>quam</span> <span class='ocrx_word' id='word_1_343' title='bbox 755 2311 794 2347; x_wconf 75' lang='lat' dir='ltr'>in</span> <span class='ocrx_word' id='word_1_344' title='bbox 826 2308 991 2347; x_wconf 76' lang='lat' dir='ltr'>libertate</span> <span class='ocrx_word' id='word_1_345' title='bbox 1018 2309 1225 2360; x_wconf 66' lang='lat' dir='ltr'>profugum</span> <span class='ocrx_word' id='word_1_346' title='bbox 1253 2308 1429 2347; x_wconf 76' lang='lat' dir='ltr'>Vononen</span> <span class='ocrx_word' id='word_1_347' title='bbox 1459 2312 1498 2347; x_wconf 73' lang='lat' dir='ltr'>in</span> <span class='ocrx_word' id='word_1_348' title='bbox 1527 2321 1686 2360; x_wconf 68' lang='lat' dir='ltr'>reynnm</span> <span class='ocrx_word' id='word_1_349' title='bbox 1708 2311 1904 2360; x_wconf 74' lang='lat' dir='ltr'>recipiunt,</span> <span class='ocrx_word' id='word_1_350' title='bbox 1935 2307 2081 2347; x_wconf 87' lang='lat' dir='ltr'>scilicet</span> <span class='ocrx_word' id='word_1_351' title='bbox 2101 2309 2222 2348; x_wconf 85' lang='lat' dir='ltr'>filium</span> 
     </span>
     <span class='ocr_line' id='line_1_33' title="bbox 434 2376 2226 2430; baseline -0.001 -12"><span class='ocrx_word' id='word_1_352' title='bbox 434 2379 534 2430; x_wconf 89' lang='lat' dir='ltr'>regis</span> <span class='ocrx_word' id='word_1_353' title='bbox 574 2377 806 2417; x_wconf 86' lang='lat' dir='ltr'>Parthorum</span> <span class='ocrx_word' id='word_1_354' title='bbox 846 2376 1019 2415; x_wconf 89' lang='lat' dir='ltr'>Phraatis</span> <span class='ocrx_word' id='word_1_355' title='bbox 1062 2376 1268 2428; x_wconf 89' lang='lat' dir='ltr'>ipsumque</span> <span class='ocrx_word' id='word_1_356' title='bbox 1313 2390 1382 2428; x_wconf 90' lang='lat' dir='ltr'>per</span> <span class='ocrx_word' id='word_1_357' title='bbox 1431 2377 1576 2429; x_wconf 87' lang='lat' dir='ltr'>aliquot</span> <span class='ocrx_word' id='word_1_358' title='bbox 1620 2390 1742 2416; x_wconf 89' lang='lat' dir='ltr'>annos</span> <span class='ocrx_word' id='word_1_359' title='bbox 1786 2389 1914 2427; x_wconf 90' lang='lat' dir='ltr'>regem</span> <span class='ocrx_word' id='word_1_360' title='bbox 1957 2389 2113 2424; x_wconf 90' lang='lat' dir='ltr'>eorum,</span> <span class='ocrx_word' id='word_1_361' title='bbox 2159 2377 2226 2416; x_wconf 90' lang='lat' dir='ltr'>sed</span> 
     </span>
     <span class='ocr_line' id='line_1_34' title="bbox 434 2445 2226 2501; baseline -0.002 -13"><span class='ocrx_word' id='word_1_362' title='bbox 434 2448 560 2501; x_wconf 87' lang='lat' dir='ltr'>paullo</span> <span class='ocrx_word' id='word_1_363' title='bbox 598 2452 687 2486; x_wconf 91' lang='lat' dir='ltr'>ante</span> <span class='ocrx_word' id='word_1_364' title='bbox 716 2445 763 2485; x_wconf 88' lang='lat' dir='ltr'>ab</span> <span class='ocrx_word' id='word_1_365' title='bbox 783 2445 976 2484; x_wconf 86' lang='lat' dir='ltr'>Artabano</span> <span class='ocrx_word' id='word_1_366' title='bbox 1008 2446 1224 2497; x_wconf 88' lang='lat' dir='ltr'>expulsum.</span> <span class='ocrx_word' id='word_1_367' title='bbox 1274 2446 1462 2497; x_wconf 91' lang='lat' dir='ltr'>Iosephus</span> <span class='ocrx_word' id='word_1_368' title='bbox 1488 2446 1549 2493; x_wconf 91' lang='grc'>18,</span> <span class='ocrx_word' id='word_1_369' title='bbox 1573 2445 1609 2493; x_wconf 81' lang='lat'>2,</span> <span class='ocrx_word' id='word_1_370' title='bbox 1633 2447 1657 2484; x_wconf 75' lang='lat'><strong>4</strong></span> <span class='ocrx_word' id='word_1_371' title='bbox 1688 2451 1894 2497; x_wconf 88' lang='lat' dir='ltr'>postquam</span> <span class='ocrx_word' id='word_1_372' title='bbox 1924 2445 1969 2484; x_wconf 88' lang='lat' dir='ltr'>de</span> <span class='ocrx_word' id='word_1_373' title='bbox 1990 2445 2149 2485; x_wconf 89' lang='lat' dir='ltr'>Vonone</span> <span class='ocrx_word' id='word_1_374' title='bbox 2180 2458 2226 2485; x_wconf 88' lang='lat' dir='ltr'>ex</span> 
     </span>
     <span class='ocr_line' id='line_1_35' title="bbox 434 2510 2224 2568; baseline -0.001 -12"><span class='ocrx_word' id='word_1_375' title='bbox 434 2529 552 2568; x_wconf 91' lang='lat' dir='ltr'>regno</span> <span class='ocrx_word' id='word_1_376' title='bbox 574 2521 733 2568; x_wconf 88' lang='lat' dir='ltr'>paterno</span> <span class='ocrx_word' id='word_1_377' title='bbox 755 2514 877 2553; x_wconf 90' lang='lat' dir='ltr'>eiecto</span> <span class='ocrx_word' id='word_1_378' title='bbox 898 2514 1058 2560; x_wconf 87' lang='lat' dir='ltr'>rettulit,</span> <span class='ocrx_word' id='word_1_379' title='bbox 1090 2514 1141 2554; x_wconf 87' lang='lat' dir='ltr'>ita</span> <span class='ocrx_word' id='word_1_380' title='bbox 1162 2514 1304 2567; x_wconf 89' lang='lat' dir='ltr'>pergit:</span> <span class='ocrx_word' id='word_1_381' title='bbox 1337 2512 1540 2568; x_wconf 71' lang='grc' dir='ltr'><em>Βονώνης</em></span> <span class='ocrx_word' id='word_1_382' title='bbox 1572 2513 1619 2553; x_wconf 72' lang='grc' dir='ltr'>δὲ</span> <span class='ocrx_word' id='word_1_383' title='bbox 1642 2514 1703 2560; x_wconf 70' lang='grc' dir='ltr'>εἷς</span> <span class='ocrx_word' id='word_1_384' title='bbox 1718 2510 1948 2567; x_wconf 68' lang='grc' dir='ltr'><em>Ἀρμενίαν</em></span> <span class='ocrx_word' id='word_1_385' title='bbox 1969 2512 2224 2554; x_wconf 78' lang='grc' dir='ltr'><em>διαπίπτει·</em></span> 
     </span>
     <span class='ocr_line' id='line_1_36' title="bbox 436 2578 2224 2636; baseline -0.001 -12"><span class='ocrx_word' id='word_1_386' title='bbox 436 2584 510 2624; x_wconf 82' lang='grc' dir='ltr'>καὶ</span> <span class='ocrx_word' id='word_1_387' title='bbox 541 2583 636 2623; x_wconf 84' lang='grc' dir='ltr'>κατ’</span> <span class='ocrx_word' id='word_1_388' title='bbox 679 2578 814 2636; x_wconf 74' lang='grc' dir='ltr'><em>α’ρχας</em></span> <span class='ocrx_word' id='word_1_389' title='bbox 852 2581 930 2635; x_wconf 74' lang='grc' dir='ltr'>μὲν</span> <span class='ocrx_word' id='word_1_390' title='bbox 967 2581 1114 2636; x_wconf 58' lang='grc' dir='ltr'><em>ἐφίετο</em></span> <span class='ocrx_word' id='word_1_391' title='bbox 1154 2584 1224 2636; x_wconf 82' lang='grc' dir='ltr'>τῆς</span> <span class='ocrx_word' id='word_1_392' title='bbox 1264 2580 1402 2636; x_wconf 80' lang='grc' dir='ltr'><em>χώρας</em></span> <span class='ocrx_word' id='word_1_393' title='bbox 1439 2583 1510 2622; x_wconf 82' lang='grc' dir='ltr'>καὶ</span> <span class='ocrx_word' id='word_1_394' title='bbox 1553 2582 1662 2636; x_wconf 79' lang='grc' dir='ltr'><em>πρὸς</em></span> <span class='ocrx_word' id='word_1_395' title='bbox 1698 2579 1934 2635; x_wconf 86' lang='grc' dir='ltr'><em>Ῥωμαίους</em></span> <span class='ocrx_word' id='word_1_396' title='bbox 1973 2581 2224 2636; x_wconf 75' lang='grc' dir='ltr'>ἐπρέσβευε,</span> 
     </span>
     <span class='ocr_line' id='line_1_37' title="bbox 437 2651 2224 2704; baseline -0.001 -12"><span class='ocrx_word' id='word_1_397' title='bbox 437 2653 572 2692; x_wconf 91' lang='lat' dir='ltr'>deinde</span> <span class='ocrx_word' id='word_1_398' title='bbox 626 2651 823 2691; x_wconf 87' lang='lat' dir='ltr'>Tiberium</span> <span class='ocrx_word' id='word_1_399' title='bbox 882 2658 1039 2704; x_wconf 88' lang='lat' dir='ltr'>propter</span> <span class='ocrx_word' id='word_1_400' title='bbox 1096 2651 1217 2704; x_wconf 90' lang='lat' dir='ltr'>ipsius</span> <span class='ocrx_word' id='word_1_401' title='bbox 1266 2652 1457 2703; x_wconf 79' lang='lat' dir='ltr'>ignaviam</span> <span class='ocrx_word' id='word_1_402' title='bbox 1516 2658 1554 2691; x_wconf 89' lang='lat' dir='ltr'>et</span> <span class='ocrx_word' id='word_1_403' title='bbox 1609 2651 1733 2690; x_wconf 89' lang='lat' dir='ltr'>minas</span> <span class='ocrx_word' id='word_1_404' title='bbox 1782 2651 1964 2691; x_wconf 87' lang='lat' dir='ltr'>Artabani</span> <span class='ocrx_word' id='word_1_405' title='bbox 2019 2651 2053 2690; x_wconf 92' lang='lat' dir='ltr'>ei</span> <span class='ocrx_word' id='word_1_406' title='bbox 2106 2664 2224 2703; x_wconf 89' lang='lat' dir='ltr'>regno</span> 
     </span>
     <span class='ocr_line' id='line_1_38' title="bbox 436 2718 2225 2775; baseline 0 -15"><span class='ocrx_word' id='word_1_407' title='bbox 436 2721 639 2760; x_wconf 88' lang='lat' dir='ltr'>Armeniae</span> <span class='ocrx_word' id='word_1_408' title='bbox 668 2721 911 2760; x_wconf 86' lang='lat' dir='ltr'>interdixisse</span> <span class='ocrx_word' id='word_1_409' title='bbox 943 2718 1074 2775; x_wconf 75' lang='grc' dir='ltr'>(αὖῑῷ</span> <span class='ocrx_word' id='word_1_410' title='bbox 1112 2718 1308 2770; x_wconf 65' lang='grc' dir='ltr'>ἀπεῖπε).</span> <span class='ocrx_word' id='word_1_411' title='bbox 1370 2720 1470 2759; x_wconf 91' lang='lat' dir='ltr'>Haec</span> <span class='ocrx_word' id='word_1_412' title='bbox 1507 2721 1659 2772; x_wconf 88' lang='lat' dir='ltr'>quando</span> <span class='ocrx_word' id='word_1_413' title='bbox 1697 2720 1917 2768; x_wconf 89' lang='lat' dir='ltr'>acciderint,</span> <span class='ocrx_word' id='word_1_414' title='bbox 1956 2720 2032 2760; x_wconf 88' lang='lat' dir='ltr'>iam</span> <span class='ocrx_word' id='word_1_415' title='bbox 2064 2726 2225 2767; x_wconf 86' lang='lat' dir='ltr'>constat,</span> 
     </span>
     <span class='ocr_line' id='line_1_39' title="bbox 438 2784 2227 2843; baseline -0.001 -14"><span class='ocrx_word' id='word_1_416' title='bbox 438 2797 641 2842; x_wconf 88' lang='lat' dir='ltr'>postquam</span> <span class='ocrx_word' id='word_1_417' title='bbox 679 2790 831 2830; x_wconf 92' lang='lat' dir='ltr'>nummi</span> <span class='ocrx_word' id='word_1_418' title='bbox 862 2790 1031 2829; x_wconf 90' lang='lat' dir='ltr'>Parthici</span> <span class='ocrx_word' id='word_1_419' title='bbox 1069 2803 1193 2843; x_wconf 89' lang='lat' dir='ltr'>nuper</span> <span class='ocrx_word' id='word_1_420' title='bbox 1222 2790 1360 2842; x_wconf 87' lang='lat' dir='ltr'>prolati</span> <span class='ocrx_word' id='word_1_421' title='bbox 1391 2791 1607 2829; x_wconf 87' lang='lat' dir='ltr'>docuerunt</span> <span class='ocrx_word' id='word_1_422' title='bbox 1636 2784 1835 2828; x_wconf 82' lang='lat' dir='ltr'>Vononem</span> <span class='ocrx_word' id='word_1_423' title='bbox 1872 2789 1918 2828; x_wconf 86' lang='lat' dir='ltr'>ab</span> <span class='ocrx_word' id='word_1_424' title='bbox 1947 2789 2140 2828; x_wconf 87' lang='lat' dir='ltr'>Artabano</span> <span class='ocrx_word' id='word_1_425' title='bbox 2180 2802 2227 2828; x_wconf 86' lang='lat' dir='ltr'>ex</span> 
     </span>
     <span class='ocr_line' id='line_1_40' title="bbox 438 2859 2225 2911; baseline 0 -14"><span class='ocrx_word' id='word_1_426' title='bbox 438 2859 592 2898; x_wconf 86' lang='lat' dir='ltr'>Parthia</span> <span class='ocrx_word' id='word_1_427' title='bbox 623 2859 778 2911; x_wconf 89' lang='lat' dir='ltr'>pulsum</span> <span class='ocrx_word' id='word_1_428' title='bbox 810 2871 892 2898; x_wconf 88' lang='lat' dir='ltr'>esse</span> <span class='ocrx_word' id='word_1_429' title='bbox 924 2872 955 2898; x_wconf 92' lang='lat' dir='ltr'>a.</span> <span class='ocrx_word' id='word_1_430' title='bbox 981 2859 1059 2898; x_wconf 80' lang='lat'>763</span> <span class='ocrx_word' id='word_1_431' title='bbox 1080 2859 1158 2908; x_wconf 71' lang='lat'>41).</span> <span class='ocrx_word' id='word_1_432' title='bbox 1208 2859 1340 2911; x_wconf 91' lang='lat' dir='ltr'>Itaque</span> <span class='ocrx_word' id='word_1_433' title='bbox 1362 2872 1406 2898; x_wconf 86' lang='lat' dir='ltr'>eo</span> <span class='ocrx_word' id='word_1_434' title='bbox 1428 2861 1506 2898; x_wconf 87' lang='lat' dir='ltr'>fere</span> <span class='ocrx_word' id='word_1_435' title='bbox 1530 2865 1703 2911; x_wconf 86' lang='lat' dir='ltr'>tempore</span> <span class='ocrx_word' id='word_1_436' title='bbox 1725 2861 1831 2907; x_wconf 88' lang='lat' dir='ltr'>(nam</span> <span class='ocrx_word' id='word_1_437' title='bbox 1853 2859 2041 2898; x_wconf 90' lang='lat' dir='ltr'>amissum</span> <span class='ocrx_word' id='word_1_438' title='bbox 2062 2870 2225 2910; x_wconf 89' lang='lat' dir='ltr'>regnum</span> 
     </span>
    </p>
   </div>
   <div class='ocr_carea' id='block_1_3' title="bbox 440 2961 2226 3120">
    <p class='ocr_par' dir='ltr' id='par_1_3' title="bbox 440 2961 2226 3120">
     <span class='ocr_line' id='line_1_41' title="bbox 573 2961 2225 3005; baseline -0.001 -10"><span class='ocrx_word' id='word_1_439' title='bbox 573 2963 601 3002; x_wconf 89' lang='lat'>¹)</span> <span class='ocrx_word' id='word_1_440' title='bbox 627 2963 710 2996; x_wconf 89' lang='lat' dir='ltr'>Vide</span> <span class='ocrx_word' id='word_1_441' title='bbox 742 2962 830 2994; x_wconf 86' lang='lat' dir='ltr'>infra</span> <span class='ocrx_word' id='word_1_442' title='bbox 856 2973 884 3005; x_wconf 91' lang='lat' dir='ltr'>p.</span> <span class='ocrx_word' id='word_1_443' title='bbox 905 2962 977 2994; x_wconf 75' lang='lat'>143.</span> <span class='ocrx_word' id='word_1_444' title='bbox 1027 2962 1150 2994; x_wconf 86' lang='lat' dir='ltr'>Eodem</span> <span class='ocrx_word' id='word_1_445' title='bbox 1180 2968 1329 3005; x_wconf 88' lang='lat' dir='ltr'>tempore</span> <span class='ocrx_word' id='word_1_446' title='bbox 1362 2962 1417 2994; x_wconf 87' lang='lat' dir='ltr'>vel</span> <span class='ocrx_word' id='word_1_447' title='bbox 1444 2962 1554 3005; x_wconf 85' lang='lat' dir='ltr'>paullo</span> <span class='ocrx_word' id='word_1_448' title='bbox 1581 2966 1657 2993; x_wconf 89' lang='lat' dir='ltr'>ante</span> <span class='ocrx_word' id='word_1_449' title='bbox 1683 2972 1764 3004; x_wconf 90' lang='lat' dir='ltr'>quae</span> <span class='ocrx_word' id='word_1_450' title='bbox 1789 2962 1902 3004; x_wconf 87' lang='lat' dir='ltr'>posuit</span> <span class='ocrx_word' id='word_1_451' title='bbox 1926 2961 2066 2994; x_wconf 87' lang='lat' dir='ltr'>Ovidius</span> <span class='ocrx_word' id='word_1_452' title='bbox 2092 2961 2125 2993; x_wconf 89' lang='lat' dir='ltr'>in</span> <span class='ocrx_word' id='word_1_453' title='bbox 2151 2971 2225 2993; x_wconf 85' lang='lat' dir='ltr'>car-</span> 
     </span>
     <span class='ocr_line' id='line_1_42' title="bbox 440 3019 2226 3064; baseline -0.001 -13"><span class='ocrx_word' id='word_1_454' title='bbox 440 3020 527 3052; x_wconf 78' lang='lat' dir='ltr'>mine</span> <span class='ocrx_word' id='word_1_455' title='bbox 552 3020 644 3053; x_wconf 86' lang='lat' dir='ltr'>trist.</span> <span class='ocrx_word' id='word_1_456' title='bbox 670 3021 702 3062; x_wconf 89' lang='lat'>2,</span> <span class='ocrx_word' id='word_1_457' title='bbox 722 3020 802 3052; x_wconf 84' lang='lat'>227:</span> <span class='ocrx_word' id='word_1_458' title='bbox 834 3031 920 3052; x_wconf 78' lang='lat' dir='ltr'>nunc</span> <span class='ocrx_word' id='word_1_459' title='bbox 947 3021 1030 3064; x_wconf 73' lang='lat' dir='ltr'>petit</span> <span class='ocrx_word' id='word_1_460' title='bbox 1065 3022 1250 3052; x_wconf 72' lang='lat' dir='ltr'>Armenius</span> <span class='ocrx_word' id='word_1_461' title='bbox 1279 3030 1396 3063; x_wconf 80' lang='lat' dir='ltr'>pacem</span> <span class='ocrx_word' id='word_1_462' title='bbox 1421 3019 1597 3062; x_wconf 86' lang='lat' dir='ltr'>premenda</span> <span class='ocrx_word' id='word_1_463' title='bbox 1628 3029 1692 3050; x_wconf 90' lang='lat' dir='ltr'>non</span> <span class='ocrx_word' id='word_1_464' title='bbox 1722 3024 1811 3060; x_wconf 88' lang='lat' dir='ltr'>sunt,</span> <span class='ocrx_word' id='word_1_465' title='bbox 1847 3029 1919 3050; x_wconf 89' lang='lat' dir='ltr'>cum</span> <span class='ocrx_word' id='word_1_466' title='bbox 1952 3028 1989 3050; x_wconf 87' lang='lat' dir='ltr'>eo</span> <span class='ocrx_word' id='word_1_467' title='bbox 2022 3019 2096 3050; x_wconf 87' lang='lat' dir='ltr'>loco</span> <span class='ocrx_word' id='word_1_468' title='bbox 2129 3022 2226 3060; x_wconf 86' lang='lat' dir='ltr'>poeta</span> 
     </span>
     <span class='ocr_line' id='line_1_43' title="bbox 440 3076 1633 3120; baseline 0 -12"><span class='ocrx_word' id='word_1_469' title='bbox 440 3078 609 3120; x_wconf 87' lang='lat' dir='ltr'>complura</span> <span class='ocrx_word' id='word_1_470' title='bbox 635 3079 813 3117; x_wconf 75' lang='lat' dir='ltr'>coniungat</span> <span class='ocrx_word' id='word_1_471' title='bbox 838 3078 878 3109; x_wconf 88' lang='lat' dir='ltr'>ad</span> <span class='ocrx_word' id='word_1_472' title='bbox 903 3077 1057 3110; x_wconf 72' lang='lat' dir='ltr'>diversos</span> <span class='ocrx_word' id='word_1_473' title='bbox 1082 3088 1185 3109; x_wconf 89' lang='lat' dir='ltr'>anuos</span> <span class='ocrx_word' id='word_1_474' title='bbox 1210 3077 1412 3119; x_wconf 87' lang='lat' dir='ltr'>populosque</span> <span class='ocrx_word' id='word_1_475' title='bbox 1437 3076 1633 3119; x_wconf 85' lang='lat' dir='ltr'>spectantia.</span> 
     </span>
    </p>
   </div>
   <div class='ocr_carea' id='block_1_4' title="bbox 2383 450 2430 2186">
    <p class='ocr_par' dir='ltr' id='par_1_4' title="bbox 2383 450 2430 2186">
     <span class='ocr_line' id='line_1_44' title="bbox 2383 450 2430 2186; baseline 0 0"><span class='ocrx_word' id='word_1_476' title='bbox 2383 450 2430 2186; x_wconf 95' lang='lat' dir='ltr'> </span> 
     </span>
    </p>
   </div>
  </div>
 </body>
</html>
