2227 3452
886 159 950 202 IV,
979 160 1116 194 12-16
1836 164 1890 205 85

110 280 267 321 Veneris
298 279 508 319 Genetricis
548 279 626 319 sive
663 279 830 318 victricis
869 278 948 317 sive
978 276 1166 316 Victoriae
1197 276 1368 316 Caesaris
1404 278 1591 318 dedicavit
1620 279 1756 319 Caesar
1786 286 1894 332 pater

109 363 141 390 a.
165 348 244 388 708
274 348 377 400 Sept.
400 347 452 386 24
479 353 545 387 aut
573 347 625 386 25
654 347 740 399 <Dio
762 347 827 397 43,
850 346 926 394 223
956 345 1117 398 Appian.
1139 345 1175 384 b.
1198 358 1230 384 c.
1253 345 1290 393 3,
1314 345 1387 394 283
1418 346 1458 385 C.
1479 347 1507 384 Ι.
1530 346 1571 385 L.
1593 348 1608 385 I
1638 360 1675 398 p.
1697 349 1777 388 402
1808 349 1891 388 coll.

109 432 145 471 p.
168 417 277 469 397).
336 416 414 455 Nec
453 422 582 455 tamen
620 422 746 456 totum
783 417 996 468 perfectum
1027 414 1146 453 fuisse
1177 426 1265 453 cum
1304 414 1543 454 dedicaretur
1579 423 1729 467 praeter
1764 418 1893 469 ipsum

108 487 323 537 Augustum
355 485 428 524 hoc
457 485 540 523 loco
571 490 688 523 testes
721 490 811 523 sunt
830 483 1008 522 Nicolaus
1030 482 1291 521 Damascenus
1323 485 1370 531 (c.
1394 482 1476 533 22),
1508 483 1574 534 qui
1604 485 1736 535 paucis
1758 485 1892 525 diebus

109 560 194 594 ante
226 558 390 592 mortem
422 552 605 592 describit
625 552 825 592 Caesarem
858 552 1056 591 sedentem
1087 551 1126 589 in
1157 553 1240 589 foro
1271 563 1340 590 suo
1371 557 1408 590 et
1438 552 1748 603 redemptoribus
1780 566 1895 605 opera

108 622 160 662 ibi
195 621 364 661 facienda
402 621 632 668 elocantem,
671 626 708 660 et
743 620 891 659 Plinius
923 619 987 666 35,
1022 619 1084 666 12,
1120 619 1218 658 156;
1257 619 1307 658 M.
1336 621 1455 660 Varro
1487 622 1602 660 tradit
1633 622 1677 660 ab
1708 622 1774 660 hoc
1804 621 1894 672 (Ar-

108 690 258 742 cesilao)
287 691 430 741 factam
467 690 640 729 Venerem
673 691 893 741 genetricem
928 691 968 727 in
1005 688 1092 739 foro
1123 687 1297 727 Caesaris
1327 695 1359 728 ec
1384 692 1608 741 priusquam
1639 690 1894 729 absolveretur

105 761 342 812 festinatione
371 759 568 798 dedicandi
589 762 761 810 positam.
792 782 846 787 ——
878 757 1056 797 Ceterum
1086 757 1311 808 profligandi
1342 759 1570 798 vocabulum
1602 759 1673 798 hac
1703 759 1895 810 significa-

107 827 210 867 tione
248 827 496 878 reprehendit
526 827 669 866 Gellius
703 828 764 874 15,
789 828 830 865 5:
871 839 953 866 cum
991 826 1036 864 ab
1068 825 1280 877 ctclslzyettclo
1311 833 1343 865 ec
1376 826 1425 865 ad
1451 829 1651 877 perniciem
1680 830 1895 867 interitum-

107 909 174 948 que
212 895 426 935 deducendo
462 895 685 935 inclinatum
719 897 759 935 id
795 903 1027 946 tractumque
1061 897 1107 933 sic
1137 906 1352 946 semperque
1383 907 1424 933 eo
1454 895 1577 940 verbo,
1609 898 1674 947 qui
1702 895 1896 946 de‘lv'qenter

107 965 222 1004 locuti
257 970 360 1009 sunt,
397 966 449 1002 ita
485 967 546 1002 usi
581 967 666 1010 sint,
705 972 746 1003 ut
779 964 986 1015 profliqare
1025 963 1186 1002 (Iz'cerent
1219 964 1417 1014 prodiqere
1457 970 1490 1001 ec
1521 964 1729 1015 deperdere,
1756 965 1897 1016 profli-

103 1039 280 1085 qacasqvte
316 1044 376 1071 res
413 1034 520 1083 quase·
544 1032 738 1083 proslz'ctas
767 1039 801 1071 et
826 1033 1009 1084 perditas,
1046 1044 1146 1071 moze
1177 1032 1289 1071 aeedio
1327 1032 1497 1083 aedificia
1527 1039 1560 1071 et
1589 1033 1725 1084 templa
1755 1041 1789 1072 ec
1819 1034 1898 1073 alia

105 1101 187 1152 fere
223 1100 345 1140 madia
380 1112 473 1152 quae
499 1112 615 1152 prope
647 1101 815 1140 absoluta
847 1101 1065 1152 adfectaque
1096 1107 1202 1145 sunt,
1244 1103 1283 1139 in
1310 1100 1511 1151 profligato
1542 1113 1616 1140 esse
1648 1102 1721 1140 dici
1746 1105 1898 1154 ipsaque

106 1181 182 1209 esse
211 1171 288 1208 iam
312 1168 518 1220 prosliqata
547 1198 556 1207 .
581 1199 588 1206 .
613 1199 620 1207 .
644 1199 653 1207 .
716 1169 826 1215 Quod
853 1169 1063 1220 s2]qm'fica‘re
1086 1169 1217 1208 volunt
1240 1172 1304 1220 φα·
1323 1169 1569 1220 proslz'qalzcm
1601 1171 1739 1215 dicum,
1769 1170 1810 1209 lez·
1837 1174 1901 1223 qm‘

105 1237 236 1278 Latine
271 1238 385 1276 locuti
417 1244 514 1281 sunt,
552 1248 629 1275 non
667 1238 929 1288 profle‘qatnm,
971 1238 1032 1276 sed
1071 1239 1261 1289 adfectum
1303 1238 1493 1277 demerent.
1553 1239 1682 1290 Itaque
1722 1239 1897 1280 videmus

105 1306 322 1357 Augustum
369 1306 442 1344 hoc
492 1305 575 1344 loco
618 1306 802 1345 vocabulo
846 1320 959 1345 usum
999 1319 1082 1345 esse
1119 1307 1397 1357 significatione
1440 1307 1585 1357 vulgari
1624 1308 1741 1359 magis
1780 1322 1896 1360 quam

105 1374 284 1427 probata,
322 1387 557 1426 quamquam
596 1375 665 1413 viri
703 1374 804 1414 docti
842 1375 931 1413 olim
971 1382 1239 1414 monstrarunt
1281 1376 1412 1414 eadem
1451 1375 1727 1425 significatione
1764 1378 1898 1429 profli-

108 1443 220 1495 gandi
260 1443 487 1482 vocabulum
538 1444 716 1495 usurpari
753 1444 927 1495 quamvis
964 1457 1051 1483 raro
1087 1445 1202 1484 etiam
1240 1445 1339 1496 apud
1379 1444 1600 1484 Ciceronem
1640 1445 1772 1496 (Tusc.
1795 1448 1831 1493 5,
1861 1447 1885 1486 6

111 1513 178 1561 15)
210 1518 249 1551 et
278 1512 428 1551 Livium
462 1512 514 1559 (3,
539 1513 603 1559 50,
630 1513 708 1560 10).

237 1580 438 1619 Basilicam
484 1580 618 1619 Iuliam
666 1580 837 1620 Caesaris
884 1581 1082 1621 dictatoris
1128 1588 1323 1633 praeterea
1375 1587 1684 1621 commemorant
1738 1584 1898 1622 fortasse

106 1647 236 1688 Cicero
267 1649 306 1687 in
338 1648 499 1700 epistula
529 1662 561 1688 a.
586 1650 664 1688 700
697 1650 742 1688 ad
774 1650 944 1689 Atticum
991 1650 1133 1702 scripta
1165 1652 1217 1699 (4.
1245 1651 1306 1695 16,
1334 1650 1412 1699 14).
1455 1651 1520 1689 sed
1567 1650 1897 1702 interpretationis

104 1717 313 1756 admodum
344 1717 558 1768 ambiguae,
589 1724 691 1757 certe
715 1718 972 1770 Hieronymus
1005 1718 1042 1757 in
1074 1719 1320 1758 adnotatione
1351 1731 1395 1757 ex
1427 1718 1573 1769 optimo
1602 1727 1758 1758 auctore
1780 1720 1898 1771 petita

105 1785 156 1835 (v.
188 1798 328 1825 comm.
361 1798 492 1825 meum
531 1787 577 1825 de
614 1787 787 1826 fontibus
828 1787 1051 1839 Hieronymi
1084 1802 1119 1838 p.
1143 1788 1240 1835 (591)
1283 1788 1329 1826 ad
1367 1800 1399 1826 a.
1424 1787 1522 1826 703:
1566 1786 1706 1827 Romae
1746 1789 1898 1828 basilica

108 1853 209 1893 Iulia
239 1855 420 1894 dedicata.
480 1854 656 1894 Dedicata
687 1862 746 1894 est
784 1855 940 1894 omnino
980 1868 1054 1894 una
1095 1869 1183 1895 eum
1222 1858 1305 1894 foro
1340 1855 1449 1903 lulio,
1496 1856 1541 1894 de
1587 1869 1663 1907 quo
1710 1856 1896 1905 vidimus3

109 1935 198 1962 mox
229 1928 357 1962 autem
390 1923 564 1962 incendio
596 1923 743 1963 interiit
773 1924 1067 1976 obscuravitque
1098 1925 1323 1963 memoriam
1356 1924 1438 1963 eius
1470 1924 1587 1963 altera
1618 1925 1772 1964 basilica
1802 1926 1897 1964 Iulia

109 1990 284 2042 Augusti,
328 1991 438 2030 cuius
471 1992 596 2043 operis
634 1992 897 2032 meminerunt
935 1993 1050 2032 etiam
1092 1994 1300 2033 Suetonius
1331 1993 1427 2044 Aug.
1451 1992 1523 2030 29:
1564 1994 1747 2045 quaedam
1786 1997 1898 2033 etiam

108 2071 219 2111 opera
249 2060 314 2099 sub
346 2063 497 2100 nomine
529 2061 660 2107 alieno,
693 2069 866 2113 nepotum
896 2063 1030 2101 scilicet
1061 2093 1068 2100 .
1094 2092 1101 2099 .
1123 2092 1164 2101 ..
1197 2063 1297 2112 fecit,
1340 2069 1380 2101 ut
1415 2062 1606 2113 porticum
1637 2061 1898 2114 basilicamque

112 2127 184 2167 Gai
211 2135 244 2167 et
274 2127 374 2174 Luci,
408 2135 446 2168 et
475 2129 545 2168 Dio
577 2130 641 2177 56,
664 2130 716 2168 27
748 2131 794 2169 ad
826 2143 857 2169 a.
882 2131 982 2170 765:
1029 2128 1050 2184 ἡ
1087 2130 1194 2171 στοὰ
1236 2128 1259 2184 ἡ
1284 2128 1444 2171 Ἰουλία
1482 2132 1608 2183 (codd.
1642 2132 1827 2179 Λιουία,
1859 2138 1898 2171 at

107 2195 191 2235 vide
221 2196 432 2236 Beckerum
464 2211 500 2249 p.
524 2198 622 2249 543)
659 2197 898 2252 καλουμένη
942 2195 1207 2253 ᾠκοδομήθη
1246 2214 1290 2238 τε
1329 2198 1371 2246 ἐς
1409 2199 1537 2254 τιμήν
1574 2200 1649 2240 τοῦ
1686 2215 1730 2239 τε
1763 2202 1898 2241 Γαίου

111 2263 183 2303 καὶ
219 2265 295 2304 τοῦ
336 2267 533 2306 Λουκίου
570 2267 654 2307 τῶν
695 2265 931 2321 Καισάρων
976 2267 1048 2306 καὶ
1098 2266 1190 2308 τότε
1235 2267 1508 2322 καθιερώθη.
1582 2269 1759 2308 PortiCus
1803 2270 1898 2309 Iulia

109 2333 408 2385 p1·aeteritu1·,in
440 2336 718 2375 commentario
749 2350 826 2375 non
858 2344 1060 2389 propterea
1092 2338 1194 2389 quod
1226 2351 1323 2389 opus
1362 2338 1529 2377 alienum
1570 2339 1653 2385 fuit,
1692 2344 1734 2377 ut
1770 2338 1896 2378 visum

107 2407 166 2441 est
195 2402 363 2441 Beckero
394 2416 430 2455 p.
454 2404 533 2444 340
555 2417 593 2443 n.
616 2405 709 2453 627,
755 2418 844 2444 nam
891 2419 978 2444 vere
1015 2406 1177 2457 Augusti
1222 2420 1317 2458 opus
1363 2420 1441 2446 non
1488 2407 1617 2446 minus
1664 2406 1736 2445 suit
1779 2419 1896 2457 quam

108 2469 261 2509 basilica
291 2471 395 2518 Iulia,
433 2471 533 2511 sicut
574 2485 689 2524 supra
727 2473 803 2512 iam
836 2474 888 2525 (p.
914 2474 981 2522 79)
1014 2474 1313 2521 observavimus,
1360 2476 1426 2514 sed
1470 2476 1599 2527 potius
1644 2475 1745 2526 quod
1789 2487 1897 2513 com-

108 2539 360 2591 prehenditur
390 2540 544 2580 basilica
573 2542 679 2581 Iulia.
739 2542 917 2582 Porticus
950 2543 1119 2582 dedicata
1149 2550 1207 2583 est
1237 2558 1269 2583 a.
1294 2546 1395 2592 7653
1424 2543 1506 2595 ipsa
1536 2544 1690 2583 basilica
1722 2544 1893 2582 nondum

108 2607 281 2647 absoluta
312 2614 403 2655 erat,
436 2622 525 2648 cum
552 2609 751 2661 Augustus
782 2611 873 2650 haec
905 2611 1058 2663 scripsit
1088 2612 1220 2662 paucis
1250 2618 1337 2651 ante
1369 2613 1517 2651 obitum
1550 2612 1761 2659 mensibus,
1794 2612 1896 2651 unde

109 2676 223 2715 etiam
254 2688 397 2715 nomen
429 2677 555 2729 operis
585 2690 663 2717 non
696 2679 857 2718 dedicati
888 2692 1032 2731 ponere
1063 2680 1188 2718 noluit
1211 2680 1371 2728 (Becker
1391 2694 1427 2732 p.
1452 2680 1589 2719 30511.
1613 2680 1722 2727 530).
1782 2679 1896 2718 Vide-

109 2750 172 2783 tur
201 2750 328 2784 autem
362 2750 439 2784 tam
470 2746 636 2797 porticui
666 2759 782 2798 quam
813 2747 989 2786 basilicae
1020 2760 1163 2787 nomen
1202 2748 1352 2787 dedisse
1384 2749 1441 2787 vel
1479 2747 1729 2787 destinavisse
1761 2747 1828 2786 Gai
1860 2754 1898 2787 et

110 2812 222 2861 Luci3
260 2814 325 2852 sed
366 2826 436 2852 usu
478 2813 645 2853 obtinuit
682 2815 878 2866 antiquius
924 2822 962 2855 et
1006 2816 1220 2868 simplicius
1266 2817 1438 2868 porticus
1483 2817 1598 2856 Iuliae
1644 2816 1896 2867 basilicaeque

109 2881 226 2921 Iuliae
247 2882 408 2933 (Preller
437 2894 514 2933 reg.
536 2895 574 2934 p.
598 2882 705 2933 148).
745 2883 800 2921 Eo
831 2883 914 2936 ipso
935 2884 1030 2931 loeo,
1063 2897 1176 2935 quem
1200 2885 1502 2925 commentarius
1523 2885 1678 2935 indicat,
1701 2885 1746 2924 ad
1769 2887 1896 2924 forum

110 2948 326 2990 Romanum
364 2951 465 2989 inter
502 2951 634 2990 aedem
667 2951 834 2991 Castoris
865 2958 904 2991 et
933 2952 1066 2991 aedem
1098 2953 1275 3000 Saturni,
1313 2960 1350 2993 et
1381 2954 1551 3005 pingitur
1583 2954 1751 3000 Masilv‘ca
1780 2953 1897 3004 Ijulz'a

111 3017 150 3057 in
179 3020 324 3058 formae
355 3019 461 3058 urbis
492 3020 716 3071 fragmentis
747 3023 799 3071 (n.
823 3020 888 3059 20.
911 3020 962 3060 23
997 3021 1070 3060 tab.
1092 3022 1144 3060 ΙΙΙ
1172 3022 1229 3060 ed.
1251 3022 1416 3069 Iordani,
1447 3022 1513 3073 qui
1535 3022 1580 3060 de
1602 3021 1648 3060 iis
1670 3021 1745 3072 egit
1767 3035 1801 3072 p.
1824 3021 1897 3071 25)

112 3091 150 3125 et
177 3093 308 3127 extant
338 3087 527 3138 hodieque
557 3087 739 3139 reliquiae
770 3101 848 3127 non
880 3089 1048 3140 exiguae,
1080 3090 1118 3129 in
1150 3090 1291 3141 quibus
1322 3091 1434 3130 etiam
1468 3096 1618 3142 reperta
1649 3097 1740 3130 sunt
1764 3103 1896 3129 exem-

1889 1479 1898 1494 7
