2269 3409
536 930 602 978 Π.
658 926 1158 977 ΜΟΝΠΜΕΝΤΠΜ
1194 925 1745 976 APOLLONIENSE.

375 1143 596 1196 Apolloniae
627 1142 666 1181 in
696 1141 837 1181 Pisidia
859 1141 910 1193 (v,
934 1154 970 1193 p.
993 1153 1031 1180 lx
1061 1141 1148 1180 adn.
1172 1140 1226 1191 3),
1258 1139 1371 1179 hodie
1393 1130 1597 1187 Olubmlu,
1629 1153 1708 1179 non
1740 1146 1915 1191 repertae
1946 1146 2038 1179 sunt

244 1214 319 1252 nisi
349 1210 677 1263 interpretationis
710 1211 873 1249 Graecae
903 1209 1113 1260 particulae
1144 1214 1182 1247 et
1223 1208 1449 1260 paginarum
1491 1209 1646 1259 quidem
1686 1215 1870 1260 quattuor
1907 1213 2037 1261 partes

244 1293 431 1328 summae,
464 1292 558 1331 quas
590 1278 835 1317 monumenti
865 1277 1005 1329 integri
1036 1277 1245 1316 secundam
1278 1277 1430 1316 tertiam
1472 1284 1648 1328 quartam
1689 1276 1862 1328 quintam
1903 1277 2036 1323 fuisse,

245 1356 342 1389 totas
372 1347 612 1387 intercidisse
643 1347 799 1399 paginas
830 1346 995 1398 primam
1027 1352 1173 1385 sextam
1207 1347 1412 1397 septimam
1444 1357 1532 1384 cum
1564 1346 1812 1384 intellexisset
1839 1345 2037 1391 Franzius,

242 1416 484 1457 confirmavit
505 1416 646 1455 Graeca
675 1428 763 1466 pars
787 1415 1030 1454 monumenti
1052 1414 1243 1466 Ancyrani
1265 1420 1396 1466 postea
1418 1414 1579 1465 expleta.
1630 1413 1835 1453 Universas
1856 1412 2038 1464 reliquias

241 1486 530 1537 descripserunt
560 1483 743 1522 Arundell
776 1483 1011 1532 (discoverz'es
1039 1486 1081 1522 in
1103 1483 1190 1522 Asia
1220 1485 1356 1522 minor.
1417 1482 1582 1521 Londini
1607 1481 1713 1521 1834
1744 1482 1817 1521 vol.
1841 1481 1865 1520 2
1895 1495 1933 1533 p.
1956 1481 2037 1520 426

241 1555 324 1593 coll.
346 1554 418 1592 vol.
444 1554 463 1591 1
488 1565 524 1604 p.
548 1552 659 1605 241)ἶ
692 1551 949 1602 Waddington
981 1552 1080 1603 apud
1103 1550 1307 1590 Lebasium
1331 1551 1446 1589 inser.
1471 1551 1543 1590 vol.
1567 1563 1608 1588 111
1629 1563 1666 1589 n.
1694 1551 1813 1597 1194,
1846 1550 2038 1589 Gustavus

241 1622 467 1667 Hirschfeld,
500 1621 567 1672 qui
597 1620 692 1659 mihi
723 1620 827 1659 dedit
856 1633 945 1659 cum
977 1620 1186 1671 descriptas
1218 1626 1299 1658 tum
1334 1620 1464 1658 charta
1496 1632 1706 1671 expressas,
1748 1618 1851 1657 unde
1891 1617 2036 1657 variam

239 1691 443 1729 lectionem
476 1689 577 1728 edidi
607 1689 645 1727 in
675 1688 944 1740 Ephemeridis
976 1688 1241 1740 epigraphicae
1262 1688 1335 1727 vol.
1358 1688 1477 1727 altero
1501 1687 1644 1739 (1875)
1666 1701 1702 1739 p.
1725 1687 1825 1734 4823
1857 1686 2035 1738 paginam

240 1759 393 1798 tertiam
424 1764 462 1797 et
492 1763 650 1809 quartae
680 1763 828 1809 partem
857 1756 973 1795 habet
994 1758 1109 1796 etiam
1133 1756 1329 1795 Hamilton
1353 1757 1580 1805 (researches
1600 1759 1640 1795 in
1662 1757 1751 1795 Asia
1770 1757 1894 1794 minor
1914 1754 1987 1793 vol.
2010 1753 2035 1792 2

240 1841 275 1879 p.
299 1828 376 1866 491
402 1839 440 1865 n.
464 1826 575 1877 455).
635 1825 828 1864 Tractavit
858 1827 1073 1876 fragmenta
1104 1825 1287 1864 Franzius
1320 1830 1376 1863 ter
1408 1825 1732 1875 (Monatsberichte
1767 1824 1832 1863 fler
1862 1822 2036 1862 Berlz'ner

240 1896 437 1935 Alsademz'e
467 1908 499 1933 a.
526 1894 631 1933 1839
662 1907 698 1945 p.
725 1893 803 1933 102
825 1906 881 1945 sq.
914 1900 953 1932 et
983 1894 1022 1932 C.
1044 1894 1071 1932 Ι.
1097 1894 1160 1933 Gr.
1192 1894 1264 1932 vol.
1289 1893 1311 1932 3
1335 1906 1371 1932 n.
1396 1893 1501 1932 3971
1536 1898 1573 1932 et
1604 1892 1643 1931 in
1675 1892 1842 1931 editione
1872 1890 2035 1930 huiusce

240 1963 502 2009 monumenti,
541 1975 657 2014 quam
688 1975 775 2001 cum
810 1962 990 2013 Zumptio
1022 1962 1189 2009 curavit.
1229 1974 1265 2013 p.
1292 1963 1361 2001 101
1393 1961 1481 2013 sq).
1544 1961 1725 2012 Singulae
1755 1960 1914 2012 paginae
1945 1972 2035 1999 cum

243 2033 412 2082 integrae
444 2033 612 2077 fuerunt,
647 2030 844 2081 sexagenis
876 2031 1030 2070 circiter
1050 2030 1226 2070 versibus
1258 2031 1423 2082 exempli
1446 2030 1579 2069 Graeci
1600 2029 1793 2082 Ancyrani
1822 2028 2036 2080 responde-

240 2100 332 2138 bant
367 2099 636 2150 habebantque
674 2099 779 2150 ipsae
816 2111 950 2138 versus
982 2112 1097 2150 supra
1129 2099 1434 2150 quinquagenos.
1497 2098 1617 2136 Hodie
1649 2098 1722 2137 hoc
1753 2097 1902 2149 expleto
1932 2098 2035 2147 frag-

241 2174 460 2206 mentorum
483 2167 813 2219 Apolloniensium
847 2168 991 2206 utilitas
1023 2167 1158 2219 exigua
1181 2175 1250 2207 est.
1301 2167 1524 2219 Respondet
1545 2173 1674 2206 autem
1697 2165 1852 2205 initium
1875 2165 2036 2217 paginae

241 2236 430 2275 secundae
461 2236 743 2287 Apolloniensis
773 2236 996 2287 Ancyranae
1027 2236 1064 2282 3,
1097 2236 1165 2283 123
1198 2235 1333 2274 tertiae
1363 2234 1646 2287 Apolloniensis
1677 2234 1898 2285 Ancyranae
1930 2233 1966 2279 6,
1991 2233 2034 2279 53

241 2311 399 2356 quartae
422 2305 703 2356 Apolloniensis
724 2305 946 2356 Ancyranae
978 2304 1014 2350 8,
1047 2305 1116 2352 173
1148 2303 1306 2355 quintae
1326 2302 1611 2355 Apolloniensis
1634 2302 1858 2354 Ancyranae
1882 2302 1945 2347 11,
1972 2300 2035 2339 10.
