2227 3452
363 942 446 983 DE
477 939 874 983 ITERATIONE
907 937 1332 982 LEGATIONVM
1366 935 1840 980 COROLLARIVM.

1018 1021 1055 1051 (v.
1077 1027 1105 1055 p.
1128 1019 1199 1051 162).

336 1094 492 1146 Legatio
522 1093 741 1146 provinciae
772 1092 934 1132 alicuius
966 1105 1053 1131 cum
1088 1105 1163 1131 non
1196 1092 1319 1144 possit
1350 1091 1423 1130 dici
1462 1091 1596 1129 iterata
1634 1090 1709 1129 nisi
1749 1091 1881 1129 eadem
1913 1102 2005 1141 pro-

203 1164 326 1203 vincia
358 1163 484 1202 denuo
515 1169 704 1214 suscepta,
738 1175 785 1201 ne
818 1168 901 1200 tum
933 1161 1104 1212 quidem,
1136 1174 1223 1199 eum
1256 1160 1394 1211 legatio
1426 1159 1597 1198 eiusdem
1630 1158 1849 1210 provinciae
1881 1158 2005 1197 eidem

204 1232 353 1272 homini
399 1232 456 1271 bis
502 1232 690 1278 defertur,
738 1231 890 1270 iteratio
931 1242 1084 1282 semper
1126 1230 1252 1268 locum
1292 1228 1418 1267 habet.
1485 1227 1540 1265 Ex
1582 1227 1691 1266 titulo
1730 1227 1770 1265 P.
1794 1226 2007 1266 Pactumeii

203 1301 413 1341 Clementis
445 1301 500 1351 (C.
523 1301 618 1347 vlll,
653 1300 761 1338 7059
792 1318 847 1332 Ξ
878 1299 1031 1338 IIenzen
1065 1312 1100 1337 n.
1131 1298 1278 1347 (5483),
1317 1297 1383 1336 uhi
1426 1296 1480 1335 sic
1526 1301 1602 1335 est:
1644 1298 1821 1347 praetori
1847 1296 2007 1342 urbano,

204 1370 322 1421 leyaco
354 1371 432 1409 (liei
459 1370 651 1409 Hadriani
680 1369 728 1407 ad
757 1371 920 1407 rationes
960 1370 1164 1408 civitatium
1195 1366 1330 1417 Syriae
1369 1367 1579 1417 putandus,
1619 1365 1736 1416 legato
1773 1364 1934 1403 eiusdem
1970 1365 2009 1402 in

207 1437 348 1483 Cilicia,
382 1439 528 1477 consuli
547 1441 598 1489 (p.
618 1437 656 1475 C.
680 1436 757 1475 138
781 1437 864 1488 ipso
887 1436 1089 1482 nundinio,
1120 1449 1196 1487 quo
1219 1435 1436 1473 Hadrianus
1459 1434 1651 1481 excessit),
1676 1434 1792 1485 leyato
1814 1435 1854 1472 in
1878 1432 2011 1471 Cilicia

202 1509 289 1557 imp.
314 1507 493 1545 Antonini
512 1507 616 1557 Any„
649 1511 806 1557 apparet
836 1505 1064 1555 legationem
1097 1505 1180 1542 iure
1212 1503 1358 1542 linitam
1393 1509 1517 1541 morte
1557 1502 1639 1541 eius
1676 1502 1743 1553 qui
1779 1502 1932 1552 legarat,
1972 1500 2009 1538 id

204 1581 263 1614 est
294 1574 488 1621 Hadriani,
529 1574 716 1614 Clementi
755 1588 774 1612 a
807 1585 1031 1612 successore
1072 1573 1261 1612 redditam
1307 1586 1402 1612 esse.
1464 1571 1625 1610 Videtur
1662 1576 1791 1609 autem
1833 1570 2010 1608 Clemens

206 1642 326 1693 magis
369 1643 611 1682 consulatum
659 1643 799 1681 absens
845 1641 1007 1693 gessisse
1054 1654 1130 1680 una
1178 1655 1266 1681 cum
1315 1641 1467 1680 Ciliciae
1513 1640 1849 1679 administratione
1895 1650 2010 1689 quam

206 1717 365 1762 propter
405 1724 494 1750 eum
535 1711 723 1762 legatione
762 1711 901 1750 abiisse
942 1717 979 1749 et
1016 1723 1104 1749 mox
1146 1711 1255 1749 finito
1295 1710 1496 1749 consulatu
1543 1709 1582 1747 in
1621 1708 1790 1747 Ciliciam
1839 1707 2011 1753 rediisse,

205 1792 442 1830 quamquam
485 1780 558 1819 hoc
589 1779 731 1831 placuit
764 1778 974 1829 Borgllesio
1007 1779 1123 1821 ‹Bult
1148 1779 1243 1830 Nep.
1287 1791 1409 1818 nuovo
1452 1778 1489 1825 2,
1513 1778 1564 1816 35
1587 1795 1644 1811 =
1664 1791 1752 1829 opp.
1778 1777 1801 1815 S
1843 1790 1878 1827 p.
1902 1775 2012 1822 393).

209 1849 341 1900 Itaque
372 1862 607 1900 quamquam
642 1861 682 1887 re
713 1847 943 1898 legationem
989 1847 1240 1893 continuavit,
1279 1847 1361 1885 iure
1398 1847 1554 1885 alteram
1597 1846 1783 1897 suscepit3
1823 1844 1925 1895 quod
1963 1843 2013 1882 ita

209 1931 294 1957 esse
326 1918 463 1956 debere
495 1930 572 1956 non
604 1917 782 1968 ignorant
812 1916 856 1961 ii,
895 1916 961 1967 qui
999 1915 1089 1966 quid
1131 1915 1181 1954 sit
1212 1916 1437 1954 mandatum
1478 1914 1685 1966 imperium
1718 1913 1838 1964 probe
1869 1911 2014 1950 didice-

209 1992 313 2026 runt.
364 1986 612 2025 Iterationem
647 1991 775 2024 autem
800 1985 977 2023 Clemens
1009 1997 1086 2022 non
1111 1984 1351 2035 significavit,
1384 1983 1565 2034 quoniam
1590 1981 1834 2033 imperatoris
1857 1980 2015 2019 nomine

209 2055 400 2106 adscripto
432 2055 640 2106 legationes
672 2054 768 2092 duae
801 2054 908 2092 datae
949 2053 995 2091 ab
1034 2053 1228 2091 Hadriano
1260 2053 1389 2099 altera,
1423 2052 1538 2091 altera
1566 2064 1585 2090 a
1616 2050 1685 2089 Pio
1708 2049 1779 2088 etsi
1797 2062 1837 2087 re
1860 2049 2014 2088 eaedem

213 2129 339 2163 tamen
385 2124 468 2162 iure
500 2123 694 2162 differunt.
758 2122 945 2162 Similiter
977 2123 1020 2161 ul)
1053 2122 1220 2172 epistulis
1252 2122 1421 2160 officium
1454 2120 1504 2159 ita
1536 2120 1677 2171 pendet
1707 2119 1753 2157 ab
1784 2118 2016 2169 imperatore

210 2192 273 2232 cui
311 2192 399 2243 quis
442 2193 566 2235 adest,
610 2198 653 2230 ut
694 2191 883 2230 moriente
925 2191 1156 2241 imperatore
1194 2190 1276 2229 iure
1318 2189 1508 2235 solvatur,
1548 2188 1637 2227 licet
1673 2200 1714 2226 re
1751 2187 2015 2225 continuetur.

210 2261 266 2300 Ita
297 2261 336 2299 in
370 2261 481 2300 titulo
511 2260 690 2299 Africano
714 2261 801 2299 Sex.
825 2259 1008 2298 Caecilius
1041 2260 1226 2298 Crescens
1260 2257 1489 2296 Volusianus
1522 2257 1578 2306 (C.
1601 2257 1696 2303 VIII,
1723 2255 1846 2306 1174)
1878 2255 2018 2294 dicitur

213 2330 258 2369 ab
292 2329 457 2381 epistulis
489 2330 567 2369 (liei
595 2330 786 2375 Antonini,
821 2329 865 2367 ab
897 2327 1062 2379 epistulis
1095 2329 1358 2378 Auyustorum,
1392 2326 1537 2365 scilicet
1567 2325 1683 2364 Marci
1714 2330 1752 2363 et
1782 2323 1888 2370 Vcri3
1925 2322 2016 2361 item

213 2398 252 2436 iu
294 2397 442 2436 urbano
482 2397 539 2448 (C.
577 2398 636 2444 vl,
670 2398 749 2436 798
786 2416 844 2430 z
872 2396 987 2435 Orell.
1023 2396 1120 2440 801)
1154 2396 1221 2434 Cn.
1255 2395 1437 2434 Octavius
1470 2394 1636 2433 Titinius
1669 2392 1800 2445 Capito
1832 2392 1876 2438 is,
1909 2390 2018 2430 cuius

214 2466 254 2504 in
285 2465 462 2517 epistulis
494 2467 548 2512 (1,
575 2466 637 2504 17.
685 2464 722 2511 8,
749 2464 815 2515 12)
848 2465 996 2503 Plinius
1029 2464 1226 2511 meminit,
1265 2476 1368 2515 proc.
1403 2464 1447 2502 ab
1479 2463 1645 2514 epistulis
1677 2469 1709 2501 ec
1741 2475 1763 2500 a
1790 2462 2021 2512 patrimonio

215 2558 270 2562 —
290 2534 357 2573 ubi
388 2534 624 2584 intellegitur
652 2534 882 2581 Domitiano,
914 2535 1024 2573 cuius
1056 2546 1199 2572 nomen
1231 2533 1345 2571 solito
1379 2544 1486 2571 more
1517 2542 1771 2582 suppressum
1805 2534 1874 2574 est,
1907 2532 1945 2566 et
1975 2526 2021 2566 ab

216 2602 391 2654 epistulis
423 2615 511 2641 eum
543 2602 663 2641 fuisse
694 2609 732 2641 et
762 2608 1053 2653 procuratorem
1086 2615 1105 2640 a
1137 2601 1371 2653 patrimonio
1406 2602 1469 2645 (cf.
1494 2598 1707 2638 Hirschfeld
1746 2596 2021 2646 I‘erwaltunqs-

219 2672 357 2710 beamte
388 2683 424 2721 p.
449 2670 546 2717 200)
569 2693 635 2717 —,
667 2674 804 2710 iterum
835 2672 880 2710 ab
913 2671 1078 2722 epistulis
1110 2671 1188 2709 (liei
1218 2669 1366 2708 Nervae
1389 2699 1507 2713 .....
1540 2668 1586 2707 ul)
1618 2667 1763 2718 epistul.
1796 2667 1901 2703 tertio
1930 2666 2019 2714 imp.

218 2739 366 2778 Nervae
399 2738 551 2778 Caesar.
589 2739 746 2779 Traiani
774 2740 866 2790 Any.
902 2738 985 2777 Ger.
1046 2738 1099 2776 Eo
1140 2737 1298 2776 nomine
1336 2737 1374 2775 in
1407 2736 1530 2775 tribus
1569 2735 1687 2774 titulis
1719 2733 1842 2772 officia
1874 2732 2022 2770 dlverse

221 2812 405 2858 concepta
436 2812 538 2853 sunt,
580 2808 683 2858 quod
722 2807 900 2846 Clemens
936 2812 973 2845 et
1005 2806 1236 2845 Volusianus
1267 2805 1367 2856 apud
1400 2805 1530 2856 plures
1561 2805 1813 2854 imperatores
1845 2805 2022 2851 suscepta

221 2887 300 2914 non
333 2874 593 2922 dinumerant,
633 2875 853 2913 dinumerat
889 2874 1041 2925 Capit03
1078 2879 1207 2924 potest
1237 2873 1440 2923 utriusque
1473 2885 1565 2911 usus
1596 2870 1692 2910 ratio
1724 2868 1848 2915 reddi,
1886 2879 2023 2919 quam-

223 2956 337 2996 quam
370 2943 433 2982 ille
465 2943 598 2982 stricto
630 2943 714 2981 iure
745 2942 867 2993 magis
898 2942 1206 2981 commendatur.

356 3013 406 3051 At
435 3011 500 3050 ubi
531 3011 727 3063 provincia
757 3023 835 3050 non
875 3010 1118 3062 exprimitur,
1159 3008 1312 3048 etiamsi
1343 3008 1514 3047 diversae
1553 3007 1631 3045 sint
1670 3004 1905 3057 provinciae,
1945 3015 2024 3042 non

226 3081 355 3133 inepte
386 3079 538 3119 iteratio
571 3079 741 3132 ponitur.
803 3080 856 3118 lta
887 3079 995 3118 adest
1014 3078 1054 3117 in
1076 3077 1189 3117 titulo
1213 3077 1513 3128 Superaequano
1536 3075 1592 3125 (C.
1615 3075 1678 3121 IX,
1701 3073 1810 3112 3306
1831 3090 1886 3106 =
1908 3071 2025 3110 Orell.

1749 3139 1814 3174 12ss
