2430 3394
436 121 515 161 170
1069 117 1108 150 P.
1128 115 1335 152 SVLPICII
1360 114 1570 157 QVIRINII

562 237 606 275 11.
654 237 851 283 Quirinius
882 250 969 276 cum
1008 236 1249 275 consulatum
1284 235 1443 286 gesserit
1478 247 1510 273 a.
1544 234 1623 273 742
1664 241 1702 274 et
1731 236 1843 287 longo
1875 243 2047 290 tempore
2077 245 2209 290 postea

432 305 675 356 superfuerit,
721 305 913 345 consulari
958 305 1039 344 iure
1085 305 1303 356 pervenisse
1348 303 1543 354 putandus
1592 309 1651 342 est
1695 304 1740 342 ad
1786 306 2101 356 proconsulatum
2147 313 2214 346 aut

430 373 540 412 Asiae
578 374 793 425 provinciae
833 381 899 413 ant
935 374 1095 412 Africae.
1162 371 1408 411 Intervallum
1447 372 1517 410 1130
1557 376 1679 410 aetate
1716 377 1864 410 certum
1902 373 2052 413 nullum
2094 375 2213 414 fuisse

431 455 518 480 011111
551 442 642 481 satis
674 448 821 481 constet
853 443 972 493 (nam,
1006 449 1048 480 ut
1079 454 1197 493 pauca
1229 440 1401 492 exempla
1432 440 1648 490 seligamus,
1681 439 1718 478 C.
1742 440 1898 479 Asinius
1921 441 2050 482 Gallus
2081 456 2158 483 cos.
2181 457 2213 483 a.

432 511 511 550 746
542 523 691 562 procos.
723 511 831 549 Asiae
862 511 933 549 fuit
963 523 994 549 a.
1028 510 1202 557 748493
1234 508 1375 547 Cossus
1403 509 1602 548 Cornelius
1625 508 1811 547 Lentulus
1841 521 1918 548 cos.
1949 523 1981 548 a.
2014 511 2092 550 753
2124 525 2215 564 pro-

431 592 508 618 cos.
541 579 688 617 Africae
719 591 750 617 a.
785 579 885 626 759,
918 578 985 618 Cn.
1018 579 1204 617 Lentulus
1232 590 1354 628 augur
1382 590 1458 616 cos.
1481 591 1512 616 a.
1537 578 1615 616 740
1647 590 1796 629 procos.
1825 577 1935 616 Asiae
1956 591 1989 617 a.
2013 579 2091 618 753
2124 586 2215 628 cet.3

430 662 463 687 V.
481 648 706 688 Staatsreclu
720 646 778 693 22,
802 647 893 686 240.
913 647 988 685 241
1009 646 1407 697 commentariumque
1426 646 1583 698 Zippelii
1605 658 1720 697 supra
1741 660 1776 698 p.
1791 646 1865 685 131
1885 647 1970 685 adn.
1988 647 2214 698 laudatum),

431 730 476 756 ex
521 717 602 755 solo
648 717 758 755 titulo
790 716 1010 763 Tiburtino,
1058 715 1171 754 modo
1217 728 1305 754 eum
1351 720 1453 753 recte
1499 715 1543 753 ad
1589 714 1809 761 Quirinium
1848 715 2134 764 rettulerimus,
2179 724 2217 757 et

430 784 558 824 Asiam
591 797 679 823 eum
712 784 894 823 sortitum
927 796 1007 823 esse
1039 784 1275 834 intellegitur
1311 790 1349 822 et
1385 790 1538 834 tempus
1576 783 1817 834 aliquatenus
1858 784 2058 833 definitum
2095 785 2216 825 inter-

430 854 588 906 ponitur
618 853 720 892 enim
752 853 804 892 ibi
835 853 1131 905 proconsulatus
1162 853 1263 891 inter
1299 853 1393 891 duas
1428 852 1637 903 legationes
1673 852 1844 903 Syriacas
1891 853 1985 899 sive,
2032 859 2074 892 ut
2117 854 2217 894 infra

430 922 674 970 ostendetur,
730 922 830 961 inter
873 936 904 961 a.
946 921 1025 960 752
1072 927 1109 960 et
1155 921 1252 966 759,
1315 934 1360 960 ex
1409 920 1549 972 quibus
1607 920 1718 959 annis
1774 926 1970 972 praeterea
2026 922 2217 962 eximendi

431 997 520 1030 sunt
550 991 637 1030 anni
671 990 748 1030 753
781 996 882 1030 certe
913 1003 1000 1042 pars
1035 990 1150 1042 prior,
1196 1003 1272 1041 quo
1304 990 1371 1029 Cn.
1403 989 1589 1028 Lentulus
1634 1002 1756 1040 augur
1793 989 1920 1028 Asiam
1967 990 2065 1030 rexit
2109 992 2215 1043 (nam

430 1060 508 1097 dies
546 1072 578 1098 a.
612 1060 689 1098 753
734 1059 857 1099 Daesii
902 1060 949 1097 l7
988 1059 1064 1098 sive
1101 1059 1189 1098 Maii
1227 1060 1289 1106 10,
1331 1072 1405 1110 quo
1444 1058 1597 1109 scripsit
1636 1057 1838 1109 epistulam
1877 1058 1915 1096 C.
1948 1058 1974 1096 Ι.
2008 1059 2072 1098 Gr.
2095 1059 2216 1108 2943,

431 1140 519 1166 011111
552 1128 720 1167 ostendit
749 1141 849 1167 anno
882 1127 1035 1179 7525ss
1067 1128 1106 1166 in
1139 1128 1262 1166 officio
1293 1127 1447 1175 fuisse),
1478 1129 1638 1166 fortasse
1669 1126 1761 1165 item
1794 1139 1825 1165 a.
1859 1128 2026 1181 754,55,
2058 1128 2091 1167 si
2126 1142 2217 1181 pro-

429 1196 671 1235 consulatum
705 1197 752 1235 M.
775 1197 912 1236 Plautii
951 1197 1092 1236 Silvani
1124 1197 1316 1249 Zippelius
1356 1201 1511 1244 (comm.
1552 1208 1667 1247 supra
1708 1195 1813 1234 citati
1849 1209 1886 1248 p.
1921 1196 1988 1248 13)
2028 1202 2130 1235 recte
2171 1198 2217 1236 ad

429 1278 515 1304 eum
563 1278 708 1305 annum
751 1266 962 1314 revocavit;
1003 1272 1150 1305 restant
1186 1265 1303 1316 igitur
1345 1265 1632 1317 proconsulatui
1672 1264 1837 1310 Quirinii
1873 1265 1963 1304 anni
2002 1266 2131 1320 75334
2179 1273 2218 1306 et

429 1336 507 1373 755
540 1335 585 1373 ad
617 1335 709 1374 758.
774 1335 823 1374 At
867 1348 955 1374 eum
986 1335 1152 1373 Africam
1199 1334 1380 1373 sortitum
1427 1347 1510 1373 esse
1556 1334 1864 1372 demonstratum
1910 1333 1978 1373 ivit
2015 1335 2218 1387 Zumptius

428 1404 468 1455 (l.
492 1416 523 1442 c.
546 1417 581 1455 p.
606 1404 673 1451 91)
697 1417 741 1442 ex
771 1404 989 1443 narratione
1020 1403 1121 1442 Flori
1144 1403 1180 1450 2,
1211 1403 1259 1442 31
1287 1404 1336 1453 [4,
1362 1402 1424 1449 12,
1450 1403 1514 1441 40.
1538 1403 1622 1452 41]:
1654 1402 1884 1442 Musulamos
1915 1410 2022 1455 atque
2046 1403 2219 1445 Gaetulos

429 1472 572 1511 accolas
603 1472 771 1523 Syrtium
793 1471 1013 1524 (Auyustus)
1048 1472 1155 1512 Cosso
1186 1472 1275 1511 (luce
1307 1474 1536 1522 compescuit,
1557 1471 1655 1510 unde
1676 1471 1736 1510 illi
1753 1470 1935 1510 Gaetulici
1952 1484 2085 1512 nomeu
2108 1474 2219 1513 latius

427 1553 538 1594 quam
570 1544 649 1593 ipsa
680 1544 847 1580 victoria.
908 1541 1054 1580 Pariter
1082 1540 1336 1580 Marmaridas
1366 1548 1472 1592 atque
1505 1539 1756 1579 Garamantas
1789 1540 1962 1586 Quirinio
2000 1541 2219 1593 subigendos

429 1611 542 1657 dedit:
574 1613 689 1662 potuit
717 1617 750 1649 et
771 1610 833 1649 ille
854 1612 977 1650 redire
999 1610 1264 1657 illarmaricus,
1296 1609 1358 1648 sed
1389 1609 1586 1647 modestior
1615 1611 1654 1647 in
1686 1609 1915 1648 aestimanda
1944 1612 2100 1649 victoria
2128 1611 2217 1662 fuit.

426 1679 631 1718 Videamus
663 1679 831 1730 primum
865 1679 909 1716 de
938 1678 1010 1717 loci
1040 1678 1214 1717 lectione.
1264 1678 1338 1716 Pro
1361 1677 1537 1724 Quirinio
1567 1677 1663 1716 liber
1684 1676 1914 1716 Nazarianus
1936 1678 2051 1718 habet
2071 1682 2218 1731 qurz'm'o

428 1748 522 1799 (non
552 1750 701 1799 yuriuo,
733 1753 776 1786 ut
805 1749 922 1786 refert
953 1747 1138 1797 Iahnius),
1171 1746 1464 1797 Bambergensis
1495 1745 1577 1784 eius
1608 1746 1691 1784 loco
1723 1746 1890 1797 spatium
1922 1759 2105 1795 vacuunn
2135 1748 2217 1787 Ior-

427 1816 543 1855 danes
575 1829 664 1854 vero
696 1815 941 1866 1110111248)
976 1816 1028 1854 sic
1064 1816 1189 1854 locum
1232 1815 1374 1854 reddit:
1416 1814 1672 1854 Marmaridas
1704 1821 1736 1854 et
1770 1814 2019 1855 Garamantes
2051 1846 2058 1854 .
2084 1847 2091 1854 .
2115 1847 2122 1854 .
2150 1829 2219 1868 per

427 1884 630 1931 Quirinum
659 1886 808 1937 subeyit.
869 1884 1074 1924 Substituit
1111 1898 1179 1936 pro
1220 1887 1366 1937 qza·im'o
1406 1883 1660 1936 Nipperdeius
1706 1883 1745 1922 in
1789 1883 1971 1935 philologi
2009 1884 2218 1923 Schneide-

413 1954 581 1993 .winiani
619 1954 687 1993 vol.
714 1955 732 1992 1
757 1967 793 2005 p.
817 1954 896 1993 670
930 1953 1113 2000 Cornelio,
1146 1966 1190 1992 eo
1222 1959 1363 2000 motus,
1396 1953 1498 2004 quod
1529 1958 1661 1991 contra
1685 1952 1933 1991 Garamantes
1964 1953 2216 2004 expeditionis

427 2022 592 2070 Quirinii
622 2029 817 2074 praeterea
839 2035 953 2061 nemo
977 2022 1165 2069 meminit,
1199 2022 1376 2061 meminit
1408 2022 1447 2060 L.
1471 2021 1637 2061 Cornelii
1668 2020 1773 2059 Balbi
1804 2021 2045 2072 proconsulis
2066 2021 2215 2062 Plinius

430 2093 482 2141 (h.
517 2105 554 2130 11.
596 2093 631 2138 5,
672 2093 707 2137 5,
747 2091 817 2130 36:
865 2093 1186 2144 clarissimumque
1234 2091 1401 2130 Garama
1446 2098 1555 2141 caput
1603 2088 1889 2135 Garamantum,
1935 2093 2059 2130 omm'a
2105 2094 2220 2130 armis

427 2161 606 2200 Romanis
646 2168 819 2212 superata
860 2168 891 2199 et
929 2174 951 2198 a
985 2159 1157 2199 Cornelio
1190 2160 1304 2199 Balbo
1341 2159 1606 2210 triumphata),
1652 2164 1809 2210 propter
1853 2172 1968 2209 quam
2019 2159 2218 2199 victoriam

429 2236 622 2269 extremus
654 2230 890 2281 privatorum
923 2228 1098 2268 omnium
1132 2228 1381 2280 triumphavit
1408 2240 1556 2279 procos.
1580 2240 1625 2265 ex
1644 2226 1768 2266 Africa
1791 2240 1822 2266 a.
1847 2227 1925 2266 735
1949 2229 2047 2275 (fast.
2066 2227 2216 2280 Capit).

426 2299 475 2338 At
506 2299 551 2337 ad
582 2298 694 2336 verba
725 2297 826 2348 quod
859 2297 1006 2343 attinet,
1039 2297 1104 2348 qui
1125 2297 1227 2336 Flori
1259 2297 1375 2336 crisin
1407 2296 1524 2348 probe
1557 2294 1689 2335 didicit
1715 2308 1793 2334 non
1815 2296 1967 2346 negabit
1989 2297 2034 2335 de
2055 2296 2217 2336 lectione

428 2367 598 2407 decisum
631 2379 713 2405 esse
744 2378 813 2417 per
840 2378 1071 2405 consensum
1094 2365 1290 2404 Nazariani
1313 2371 1350 2404 et
1371 2364 1555 2403 Iordanis.
1606 2364 1825 2416 Nipperdeii
1846 2370 1974 2404 autem
1999 2365 2218 2405 coniectura

428 2450 472 2475 eo
509 2436 636 2475 minus
680 2435 875 2487 probanda
910 2441 979 2481 est,
1026 2434 1128 2485 quod
1175 2434 1230 2473 sic
1261 2434 1379 2472 Cosso
1422 2432 1617 2472 Gaetulico
1662 2438 1700 2471 et
1744 2432 1817 2483 ipsi
1860 2432 2035 2472 Cornelio
2081 2446 2217 2485 parum

428 2506 619 2556 eleganter
651 2504 859 2556 opponitur
880 2502 1096 2549 Cornelius,
1128 2515 1252 2553 neque
1275 2502 1478 2553 quicquam
1512 2501 1649 2547 obstat,
1682 2501 1890 2552 quominus
1920 2509 1998 2541 tam
2020 2502 2218 2549 Quirinius

428 2587 542 2625 quam
585 2573 725 2612 Balbus
772 2573 954 2611 adversus
993 2572 1242 2610 Garamantes
1289 2583 1370 2609 reni
1410 2570 1505 2608 bene
1537 2569 1736 2620 gesserint,
1782 2583 1870 2609 nam
1915 2570 1953 2609 in
1994 2571 2106 2610 Floro
2151 2583 2220 2610 cur

429 2649 550 2683 taceat
580 2655 656 2681 non
687 2648 745 2680 est
775 2641 1050 2693 quaerendum.
1114 2640 1272 2691 Subegit
1301 2640 1416 2690 igitur
1438 2638 1638 2685 Quirinius
1660 2638 1909 2678 Marmaridas
1940 2646 1977 2679 et
2008 2640 2218 2679 Garaman-

432 2718 511 2759 tes;
559 2717 597 2750 at
637 2711 669 2749 si
711 2723 775 2749 eos
822 2709 972 2760 subegit
1016 2709 1224 2760 proconsul
1269 2708 1437 2754 Africae,
1484 2707 1701 2759 provinciae
1748 2707 1933 2747 terminos
1979 2707 2217 2759 aliquantum

429 2779 602 2819 excessit.
661 2779 757 2818 Nam
782 2778 1030 2817 Garamantes
1062 2777 1215 2828 quidem
1250 2777 1286 2815 in
1318 2776 1478 2815 desertis
1500 2776 1649 2815 Africae
1679 2776 1873 2815 interioris
1906 2777 1956 2815 ita
1984 2776 2217 2821 habitabant,

429 2856 473 2889 ut
506 2855 581 2888 tam
613 2862 657 2888 ex
692 2848 817 2887 Africa
847 2860 962 2898 quam
994 2860 1013 2885 a
1046 2846 1202 2897 Cyrenis
1234 2845 1402 2885 exercitu
1448 2845 1527 2897 peti
1574 2851 1751 2896 possent3
1797 2851 1835 2884 at
1880 2850 2012 2884 contra
2056 2844 2216 2896 populos

430 2918 674 2957 Marmaricae
706 2922 827 2956 terrae
867 2915 1087 2954 interiectae
1132 2916 1231 2954 inter
1275 2915 1490 2966 Aegyptum
1538 2919 1576 2952 et
1621 2914 1884 2966 Cyrenaicam,
1930 2926 2026 2965 quos
2071 2912 2217 2965 priores

430 2987 559 3038 posuit
589 2986 723 3025 Florus
755 2991 792 3024 et
822 2990 950 3036 aperte
982 2985 1150 3035 potiores
1181 2984 1325 3031 habuit,
1358 2983 1569 3031 Quirinius,
1601 2996 1689 3023 cum
1721 2983 1914 3035 Aegyptus
1944 2988 2048 3021 extra
2080 2993 2217 3033 quaes-

432 3056 574 3094 tionem
615 3055 683 3101 sit,
722 3067 800 3093 non
834 3059 910 3092 tam
943 3066 987 3092 ex
1015 3053 1138 3092 Africa
1177 3053 1278 3092 mitti
1310 3053 1441 3092 debuit
1471 3065 1586 3103 quam
1625 3065 1669 3091 ex
1705 3051 1919 3103 Cyrenaica.
1979 3050 2089 3096 Quod
2128 3061 2216 3102 per-
