2430 3394
405 113 488 154 202
1106 106 1279 142 VERSIO
1309 106 1501 142 GRAECA

403 231 467 267 m’a
505 228 644 267 Achaia
679 250 733 253 —
772 226 923 266 deduxi.
983 227 1047 265 Ille
1084 238 1173 264 vero
1204 225 1294 276 quid
1326 225 1415 264 inde
1446 224 1684 276 exsculpsit?
1731 222 1940 274 ἀποικίας
1971 227 2017 268 ἕν
2052 225 2199 282 Λιβύῃ

402 293 580 345 Σικὲλίᾳ
606 292 862 344 ,Μακεδονίᾳ
893 293 938 333 ἐν
970 291 1193 345 ἑκατέρᾳ
1224 309 1275 333 τε
1301 292 1501 342 ‘lant-cuiq
1526 290 1680 343 Ἀχαίᾳ
1706 316 1760 321 --
1781 292 2041 346 κατήγαγον,
2072 299 2201 349 itaque

403 370 607 416 postquam
646 370 806 414 utraque
846 369 947 401 recte
990 362 1103 401 vertit
1146 357 1324 413 ἑκατέρᾳ
1362 361 1535 400 nondum
1578 361 1650 400 sibi
1690 361 1782 400 satis
1823 362 1960 402 fecisse
1998 365 2102 404 visus
2133 379 2201 418 que

402 432 627 483 particulam
660 431 799 470 iterum
832 431 948 470 vertit
978 446 1035 469 τε.

537 500 691 550 ‘ltaque
722 499 795 538 etsi
827 499 1036 538 detraxeris
1070 499 1100 537 si
1129 499 1221 550 quid
1254 501 1352 538 sorte
1384 499 1430 537 ab
1460 498 1623 549 lapicida
1655 504 1826 537 erratum
1858 499 1927 546 sit,
1969 499 2041 538 etsi
2072 501 2202 539 consi-

402 569 595 607 deraveris
632 580 709 606 non
750 580 833 606 esse
875 567 1097 614 continuam
1136 567 1418 613 narrationem,
1463 568 1499 605 in
1542 579 1616 617 qua
1649 572 1866 605 structurae
1898 567 2134 607 concinnitas
2165 575 2203 608 et

404 637 632 676 elocutionis
673 635 859 686 elegantia
891 635 1077 674 ostentari
1109 636 1297 686 potuerit,
1341 636 1406 674 sed
1439 635 1593 673 brevem
1627 647 1757 673 rerum
1791 641 1984 685 gestarum
2022 635 2202 682 indicem,

401 705 472 743 etsi
504 705 740 743 concesseris
771 703 919 742 facilius
951 704 1114 754 aliquem
1139 717 1237 754 quae
1258 704 1339 755 ipse
1371 703 1551 753 cogitavit
1573 703 1698 741 verbis
1729 703 1930 754 concipere
1952 716 2064 754 posse
2085 717 2202 755 quam

400 773 544 811 alienae
576 772 741 811 orationi
772 784 881 810 suam
913 772 1160 810 commodare
1191 772 1374 823 linguam,
1410 778 1538 809 tamen
1572 777 1646 809 tam
1672 771 1791 810 multa
1823 778 1914 810 sunt
1944 784 2032 810 cum
2066 785 2202 823 parum

401 841 595 891 eleganter
626 847 706 879 tum
740 846 872 878 contra
904 839 1096 878 sermonis
1129 840 1261 878 Graeci
1291 840 1392 891 leges
1425 839 1535 887 dicta,
1568 845 1611 877 ut
1642 839 1875 878 miraremur
1905 840 1938 878 si
1969 839 2055 891 quis
2087 840 2205 879 Grae-

401 922 489 949 cum
522 910 719 947 hominem
753 908 1005 959 interpretem
1039 908 1157 946 fuisse
1188 909 1422 947 contendere
1454 908 1576 946 vellet.
1638 908 1722 946 Non
1749 914 1808 946 est
1843 908 1963 947 oratio
1995 909 2105 955 haec,
2138 908 2204 947 sed

401 978 606 1017 verborum
654 976 883 1028 constipatio
922 978 1020 1014 forte
1062 976 1222 1015 fortuito
1262 977 1521 1026 undecunque
1560 982 1847 1028 correptorum,
1890 989 1968 1015 non
2009 983 2068 1016 est
2111 978 2206 1017 haec

400 1059 461 1085 ars
493 1046 559 1084 sed
590 1051 649 1083 est
679 1045 786 1083 rudis
818 1044 953 1083 inertia
987 1045 1206 1083 miserrimo
1238 1045 1365 1096 aliquo
1397 1044 1580 1095 glossario
1613 1044 1828 1083 misserime
1861 1045 1980 1084 fulta!

533 1114 634 1152 Haec
666 1113 873 1151 Kaibelius.
936 1112 1111 1151 llominis
1149 1113 1265 1152 huius
1305 1113 1619 1164 orthographiam
1653 1113 1834 1152 Graecam
1874 1114 1931 1152 vel
1962 1114 2090 1165 potius
2122 1127 2205 1153 ser-

401 1182 527 1221 monis
558 1182 647 1220 vitia
684 1181 863 1232 persequi
906 1194 975 1219 nec
1009 1193 1138 1219 meum
1171 1187 1228 1220 est
1258 1194 1383 1232 neque
1415 1181 1574 1220 omnino
1607 1182 1772 1220 inultum
1806 1181 1978 1229 interest,
2016 1194 2204 1233 quasnam

399 1251 500 1301 leges
538 1249 729 1288 eiusmodi
770 1248 936 1300 scriptor
975 1255 1131 1288 secutus
1171 1249 1221 1288 sit
1252 1250 1309 1288 vel
1339 1263 1417 1288 non
1451 1256 1620 1288 secutus.
1682 1250 1807 1289 Pauca
1840 1256 1968 1289 tamen
2000 1250 2203 1289 adnotabo.

456 1334 493 1357 ει
527 1331 596 1370 pro
629 1333 642 1356 ι
674 1318 786 1368 longa
819 1323 861 1356 ut
893 1330 935 1355 ea
966 1323 1089 1356 aetate
1120 1318 1262 1369 passim
1295 1318 1500 1370 reperitur,
1532 1319 1583 1357 ita
1617 1319 1721 1357 hunc
1752 1318 2077 1358 connnentarium
2109 1318 2205 1358 scri-

398 1387 506 1426 benti
551 1386 835 1438 diphthongum
880 1392 1037 1437 apparet
1078 1387 1289 1436 legitimam
1337 1387 1456 1426 visam
1497 1400 1600 1426 esse:
1647 1387 1830 1426 scribitur
1862 1385 2038 1434 Εἰόνιος
2072 1388 2135 1435 14,
2168 1387 2204 1427 8.

403 1457 464 1502 15,
501 1456 551 1493 14
584 1478 635 1482 -
658 1453 871 1506 ἐπαρχεία
892 1477 945 1481 -κ
968 1453 1116 1506 leima
1141 1456 1203 1502 11,
1230 1455 1279 1494 18
1311 1478 1366 1483 —
1396 1457 1593 1509 μείμημα
1625 1456 1661 1501 5,
1685 1455 1709 1494 6
1738 1478 1792 1482 -—-
1813 1453 2019 1508 πολείῑης
2040 1478 2094 1482 —
2116 1465 2206 1494 σει-

399 1521 517 1571 τικός
549 1525 591 1568 9,
629 1523 682 1561 24
721 1529 792 1561 cet.
825 1546 877 1550 ——
910 1520 1053 1575 τειμή,
1093 1519 1383 1576 εἷποτείμησις
1420 1547 1475 1551 -
1515 1522 1748 1563 §celgimon
1782 1523 1844 1569 10,
1878 1522 1928 1561 23
1961 1546 2014 1550 ——
2045 1521 2204 1573 χείλιοι

400 1598 438 1632 et
468 1592 523 1631 sic
559 1591 751 1643 deinceps.

532 1675 556 1713 η
589 1673 659 1711 pro
698 1674 735 1698 ει
774 1658 1004 1710 aliquotiens
1036 1660 1238 1711 reperitur,
1271 1665 1314 1698 ut
1344 1659 1383 1698 in
1407 1657 1571 1712 ’Ἀλπης
1605 1660 1667 1707 14,
1701 1660 1724 1698 6
1757 1683 1802 1686 ——
1841 1656 2004 1713 ὁουλήα
2037 1661 2071 1707 1,
2104 1659 2127 1698 3
2150 1683 2205 1688 —-

400 1727 555 1782 κυριήα
590 1729 652 1775 17,
686 1728 750 1766 22.

532 1812 551 1835 ε
581 1810 651 1848 pro
685 1811 705 1849 η
738 1797 930 1848 reperitur
960 1796 999 1834 in
1031 1796 1226 1835 vocabulis
1258 1794 1417 1849 εἰὶξησα
1449 1797 1485 1843 4,
1510 1796 1533 1835 8
1566 1802 1604 1835 et
1635 1794 1856 1849 ἒπεύξησα
1891 1797 1953 1843 14,
1977 1797 2014 1834 4.

533 1880 552 1904 ε
590 1878 659 1916 pro
698 1879 742 1903 αι
780 1871 1002 1903 constanter
1034 1871 1245 1916 usurpatur
1274 1865 1313 1903 in
1346 1866 1486 1918 σημεῖα
1518 1865 1703 1904 vocabulo
1738 1866 1801 1913 15,
1835 1865 1901 1904 23.
1934 1866 1996 1911 16,
2023 1865 2059 1904 3.
2084 1866 2107 1904 5
2139 1865 2203 1916 (cs.

402 1934 464 1981 13,
489 1934 571 1984 21).
623 1933 796 1972 Conferri
827 1933 969 1984 poterit
999 1933 1282 1987 σημηαᾳόρος
1306 1934 1407 1972 tituli
1423 1933 1643 1985 Aegyptiaci
1675 1934 1714 1973 C.
1732 1934 1759 1972 Ι.
1783 1934 1824 1972 L.
1846 1933 2024 1973 1116026
2057 1933 2204 1985 aliaque

398 2003 507 2054 plura
538 2002 790 2041 inveniuntur
821 2002 958 2040 similis
989 2002 1228 2053 corruptelae
1260 2002 1446 2054 exempla.

533 2084 555 2109 o
585 2083 654 2122 pro
677 2084 717 2109 οι
742 2076 966 2109 constanter
988 2079 1199 2122 usurpatur
1220 2070 1259 2109 in
1283 2068 1470 2123 ἐπόησα,
1496 2068 1719 2124 πεπόηκα;
1752 2070 1818 2109 sed
1841 2070 2023 2109 scribitur
2043 2076 2203 2111 ποιεῖν.

530 2139 609 2178 Iota
642 2145 797 2178 mutum
830 2139 868 2177 in
900 2139 1103 2191 Ancyrano
1135 2151 1221 2178 raro
1255 2138 1460 2185 omittitur,
1494 2145 1537 2178 ut
1567 2139 1606 2178 in
1639 2135 1872 2192 ἐξῃτήσατο
1909 2138 1971 2185 13,
2006 2138 2076 2186 18,
2106 2134 2205 2192 ἧτή-

399 2218 529 2247 σαντο
565 2208 627 2254 14,
653 2209 721 2255 17;
754 2205 1073 2261 παρηῑησεὲμην
1104 2208 1140 2252 3,
1174 2209 1211 2255 5,
1243 2208 1335 2247 item
1367 2208 1405 2246 in
1435 2208 1570 2247 dativis
1594 2203 1736 2261 εἶρήνη
1773 2208 1834 2254 14,
1860 2208 1896 2254 7,
1930 2204 2084 2247 Πάνσα
2108 2208 2142 2255 1,
2167 2208 2203 2255 5,

399 2277 591 2328 σωτηρία
626 2275 688 2323 18,
724 2277 758 2314 1.
820 2276 980 2328 Saepius
1012 2276 1121 2315 abest
1151 2276 1190 2315 in
1222 2276 1498 2328 Apolloniensi.

532 2358 554 2383 ν
585 2351 671 2383 ante
702 2359 727 2393 y
758 2359 780 2383 κ
811 2359 836 2395 χ
866 2345 1110 2396 frequentius
1142 2345 1325 2384 scribitur
1356 2358 1471 2396 quam
1504 2360 1541 2394 γ.
1592 2345 1647 2384 Ita
1678 2344 1817 2395 legitur
1849 2340 1971 2393 ἕνγύς
2000 2343 2144 2396 passim
2167 2349 2205 2383 et

398 2409 574 2462 ἦνγισεν
607 2413 669 2460 16,
703 2412 726 2452 8
761 2436 810 2440 -—
842 2412 1080 2467 κατήνενκα
1112 2415 1148 2461 9,
1182 2414 1232 2453 20
1266 2420 1337 2453 cet.
1370 2437 1423 2441 -—
1455 2411 1686 2466 σι’·νκλητος
1718 2425 1871 2464 semper
1901 2436 1954 2440 —
1977 2410 2205 2462 ἕτύνχανον

402 2480 464 2527 15,
497 2480 571 2528 22;
618 2481 683 2519 sed
723 2480 837 2519 etiam
878 2496 902 2530 γ
940 2481 980 2520 in
1020 2483 1159 2522 talibus
1197 2482 1342 2534 passim
1375 2483 1578 2533 reperitur,
1611 2488 1652 2521 ut
1685 2480 1948 2531 ἐπαγγελίας
1982 2482 2044 2527 11,
2067 2480 2119 2518 22
2153 2503 2205 2508 —

399 2544 622 2600 ῆνάγκασα
657 2550 718 2597 16,
751 2550 776 2588 4
807 2556 879 2588 cet.
