2227 3452
832 155 875 199 v,
903 157 1042 191 40—43
1750 162 1830 202 125

50 280 144 329 Aug.
167 276 237 315 21:
269 275 398 315 Parthi
425 299 478 303 -
509 279 615 327 siyna
645 275 828 315 militaria
858 288 951 326 quae
972 274 1020 313 M.
1048 273 1181 314 Crasso
1212 280 1245 313 et
1265 273 1314 312 M.
1339 273 1497 314 Antonio
1527 276 1742 316 ademerant
1771 289 1833 316 re-

45 347 212 401 poscenti
244 343 489 384 reddiderunt
524 345 735 396 obsidesque
770 346 922 394 insuper
961 343 1183 382 obtulerunt.
1244 342 1335 381 Vell.
1360 342 1396 389 2,
1425 343 1499 381 91:
1548 344 1592 382 ab
1622 357 1706 395 reye
1735 345 1832 384 Par-

51 416 198 456 thorum
226 415 333 464 siqua
362 412 555 459 Romana,
587 425 680 465 quae
714 411 850 451 Crasso
882 423 1052 462 oppresso
1085 411 1245 457 Orodes,
1286 424 1379 462 quae
1409 411 1567 450 Antonio
1593 412 1701 463 pulso
1731 413 1834 463 silius

51 485 127 523 eius
158 480 359 520 Phrahates
390 488 581 533 ceperant,
612 481 775 531 Auyusto
808 482 961 518 remissa
991 486 1088 518 sunt.
1148 479 1205 518 Ad
1242 479 1371 518 locum
1404 479 1556 530 Vergilii
1586 480 1764 519 Aeneidis
1797 483 1832 528 7,

51 551 148 591 605:
179 561 243 588 seu
264 549 433 601 (parant)
455 550 603 589 tendere
633 550 682 588 ad
702 548 816 587 Indos
837 548 1094 599 Auroramque
1125 550 1229 599 sequi
1246 547 1470 598 Parthosque
1500 560 1688 599 reposcere
1715 551 1832 600 siyna,

50 619 236 670 scriptum
275 617 434 656 omnino
471 624 558 656 ante
590 617 697 668 signa
727 622 878 667 recepta
912 622 994 655 tum
1026 628 1115 654 cum
1154 616 1200 654 ad
1232 615 1450 667 recipienda
1481 615 1544 654 illa
1575 616 1764 667 expeditio
1794 618 1834 656 in

51 686 245 727 Orientem
287 685 413 737 parari
450 686 658 738 putabatur
687 686 750 732 (cf.
773 683 955 722 Horatius
988 695 1104 722 carm.
1132 684 1164 730 1,
1191 683 1253 731 12,
1278 684 1341 723 56.
1365 683 1401 731 3,
1426 684 1462 731 5,
1485 685 1525 731 4)
1569 686 1834 724 commentarii

49 756 288 796 veronenses
319 754 524 793 adnotant:
557 766 649 806 quae
679 752 819 791 Licinio
853 751 988 790 Crasso
1019 753 1212 803 interfecto
1248 756 1520 804 interceperant
1551 752 1681 791 Parthi
1689 771 1703 802 ,-
1747 754 1835 793 haec

48 825 204 876 [recepit]
234 823 428 874 Auyustus.
504 822 628 861 Huius
661 823 757 873 facti
784 821 896 860 Nicae
928 820 1000 871 (sic
1030 820 1142 871 liber)
1173 828 1506 872 repraesentantia·
1540 823 1579 859 in
1623 834 1735 869 arcu,
1775 826 1839 873 qui

6 901 14 908 ’
49 901 100 934 est
127 896 238 932 iuxta
268 892 396 931 aedem
427 892 504 931 divi
531 891 629 930 Iulii.
680 891 821 928 Arcum
854 902 942 928 eum
976 902 1064 928 cum
1096 890 1289 940 quadrigis
1322 890 1575 941 superpositis
1613 896 1836 942 proponunt

49 960 199 1002 nummi
245 960 340 1007 duo,
395 960 491 998 alter
536 972 625 998 eum
670 965 963 1010 repraesentans
1010 970 1099 996 cum
1144 958 1394 1010 inscriptione
1446 958 1485 996 in
1530 958 1703 1010 epistylio
1748 962 1835 1010 imp.

48 1044 93 1070 JX
112 1036 158 1069 tr.
174 1041 234 1081 po.
266 1042 286 1066 V
305 1028 375 1079 (=
392 1041 424 1067 a.
444 1028 522 1066 735
543 1028 596 1076 6),
619 1027 718 1066 intra
741 1039 872 1065 areum
894 1040 922 1065 s.
940 1040 972 1078 p.
993 1040 1026 1078 q.
1044 1039 1073 1065 r.
1107 1027 1181 1076 tvel
1196 1041 1226 1066 s.
1242 1040 1278 1078 11.
1295 1027 1346 1077 r.)
1369 1030 1482 1078 siquis
1502 1031 1656 1078 receptis
1680 1027 1837 1075 (Eckhel

50 1097 86 1145 6,
111 1097 212 1144 10ος
252 1095 382 1135 Cohen
412 1096 509 1147 Aug.
531 1109 568 1134 11.
593 1095 703 1145 298),
735 1095 829 1134 alter
868 1108 957 1134 eum
996 1095 1202 1134 ostendens
1234 1108 1321 1134 cum
1358 1095 1552 1146 quadrigis
1583 1108 1698 1147 supra
1734 1109 1835 1142 eum,

49 1165 288 1206 adstantibus
321 1164 516 1215 utrimque
537 1164 690 1203 Parthis
713 1163 862 1202 duobus
883 1163 989 1214 signa
1012 1164 1263 1211 tradentibus,
1296 1164 1489 1215 adscripto
1520 1178 1546 1203 s.
1565 1178 1604 1215 p.
1627 1179 1658 1217 q.
1680 1164 1726 1203 R.
1748 1168 1835 1217 imp.

52 1234 208 1274 Caesari
224 1234 315 1285 Any.
339 1245 409 1273 cos.
434 1247 479 1271 xl
497 1239 542 1271 tr.
561 1240 637 1284 pot.
670 1234 791 1281 1·J(=
807 1246 838 1270 a.
860 1232 938 1271 736
960 1234 1000 1283 7)
1021 1232 1054 1283 )(
1076 1234 1178 1272 cieib.
1203 1240 1235 1272 et
1255 1236 1347 1284 sign.
1373 1233 1476 1271 milit.
1500 1246 1522 1271 a
1544 1233 1644 1272 Part.
1668 1246 1834 1285 recuper.

52 1303 194 1352 (Cohen
216 1303 310 1353 Aug.
335 1315 371 1341 n.
396 1301 590 1351 82—55).
634 1302 833 1340 Praeterea
855 1303 901 1339 cf.
926 1301 994 1340 Dio
1017 1302 1081 1347 53,
1106 1302 1170 1339 33.
1194 1303 1258 1347 54,
1283 1301 1329 1348 ὃς
1362 1301 1575 1340 Cassiodor.
1598 1303 1656 1341 ad.
1679 1316 1711 1342 a.
1736 1303 1838 1351 7343

50 1371 159 1411 Oros.
184 1371 220 1418 6,
244 1370 308 1415 21,
332 1370 404 1417 29;
436 1370 572 1408 Florus
595 1370 631 1417 2,
655 1370 728 1417 343
760 1369 969 1420 Eutropius
993 1370 1028 1414 7,
1053 1370 1090 1416 9,
1122 1370 1188 1421 qui
1218 1383 1353 1409 omnes
1375 1383 1454 1409 non
1476 1371 1739 1411 meminerunt
1760 1372 1836 1411 nisi

49 1439 340 1480 Crassianorum
373 1439 584 1490 signorum.
637 1438 764 1477 Crassi
795 1439 919 1477 clades
951 1451 982 1476 a.
1008 1451 1043 1476 u.
1067 1451 1098 1476 c.
1124 1439 1199 1477 701
1234 1439 1436 1478 notissima
1467 1447 1525 1478 est
1556 1447 1759 1491 egeratque
1790 1441 1836 1479 de

0 1510 1 1516 ’
49 1508 166 1560 signis
188 1507 412 1559 civibusque
436 1514 517 1547 tum
540 1507 660 1559 captis
682 1506 932 1546 restituendis
953 1506 1029 1545 iam
1052 1505 1151 1545 cum*
1164 1507 1325 1546 Phraate
1343 1509 1533 1548 Antonius
1556 1508 1642 1559 (Dio
1664 1509 1729 1555 49,
1752 1509 1835 1559 24).

50 1577 205 1617 Antonii
235 1583 378 1624 autem,
411 1589 499 1616 cum
532 1576 649 1615 trium
683 1577 921 1615 exercituum
944 1575 1209 1614 Romanorum
1233 1576 1339 1627 signa
1361 1578 1558 1628 Augustus
1580 1584 1708 1629 ponat,
1740 1578 1836 1617 duos

51 1646 239 1686 exercitus
270 1659 290 1685 a
311 1646 463 1685 Parthis
495 1645 615 1684 victos
647 1658 729 1684 esse
763 1644 962 1695 significat.
1011 1644 1196 1683 Similiter
1217 1644 1399 1684 Horatius
1432 1645 1485 1685 sic
1516 1645 1568 1685 ait
1597 1646 1636 1684 111
1669 1647 1836 1685 carmine

51 1715 104 1767 (3,
127 1715 168 1763 6)
202 1714 345 1767 scripto
376 1728 408 1753 a.
433 1714 512 1753 726
545 1714 644 1765 (vide
677 1726 792 1765 supra
823 1714 868 1751 ad
902 1714 938 1754 4.
976 1714 1062 1763 17);
1095 1716 1171 1752 iam
1203 1714 1254 1752 bis
1275 1714 1465 1754 Monaeses
1495 1722 1527 1753 et
1549 1715 1684 1754 Pacori
1703 1729 1838 1755 mimus

50 1797 125 1824 non
162 1787 371 1835 auspicatos
408 1783 573 1823 contudit
611 1786 767 1833 impetus
805 1789 948 1821 nostros
985 1788 1016 1820 et
1055 1782 1227 1821 adiecisse
1257 1784 1441 1834 praedam
1472 1785 1663 1835 torquibus
1693 1788 1838 1836 ecce'yuis

50 1853 200 1898 renidet,
231 1853 277 1891 ad
307 1865 422 1903 quem
453 1853 580 1891 locum
614 1852 707 1890 haec
728 1850 961 1902 Porphyrio:
995 1851 1047 1889 bis
1068 1849 1226 1890 Parthos
1250 1852 1434 1891 rettulisse
1456 1853 1498 1891 de
1520 1854 1623 1892 nobis
1644 1856 1837 1893 victoriam

51 1921 162 1968 dixit,
200 1924 287 1974 quia
323 1928 355 1960 et
391 1920 567 1960 Crassum
605 1928 715 1959 (tntea
750 1927 783 1959 et
819 1927 895 1958 lum
928 1919 1118 1958 Decidium
1150 1919 1297 1959 Samum
1337 1924 1373 1959 in
1405 1920 1516 1971 Syria
1555 1924 1655 1969 (cum
1693 1921 1837 1961 decium

51 2002 183 2030 samam
213 1992 254 2029 in
286 1992 371 2029 aria
401 1989 483 2028 0011.
508 1988 671 2039 Monac.)
704 1988 922 2027 occiderant.
991 1987 1141 2026 Erravit
1176 1988 1367 2040 interpres
1404 1989 1448 2027 110
1480 1996 1605 2040 strage
1638 1990 1837 2029 Crassiana

52 2059 220 2110 cogitans
256 2058 302 2097 ab
334 2058 449 2098 huius
480 2057 662 2096 carminis
694 2063 923 2108 argumento
955 2056 1076 2095 aliena
1114 2070 1238 2108 neque
1269 2058 1315 2096 ad
1347 2058 1566 2097 Monaesen]
1598 2058 1836 2098 Pacorumve

51 2127 266 2174 reserenda3
305 2132 407 2166 recte
447 2134 577 2166 autem
611 2128 729 2166 Saxae
768 2125 1004 2164 mentionem
1038 2125 1156 2165 inicit.
1225 2127 1377 2166 Scilicet
1417 2127 1535 2178 tangit
1568 2134 1678 2179 poeta
1709 2128 1834 2166 clades

53 2195 146 2234 duas
175 2195 410 2234 Antonianas
442 2195 601 2234 alteram
632 2208 665 2234 a.
688 2195 780 2241 714,
813 2207 888 2245 11110
919 2194 960 2232 L.
984 2193 1161 2233 Decidius
1195 2195 1290 2235 Saxa
1320 2197 1450 2248 Syriae
1481 2197 1626 2247 legatus
1658 2209 1677 2235 a
1703 2196 1838 2236 Pacori

54 2263 213 2304 ducibus
250 2263 374 2303 victus
414 2270 451 2303 et
480 2264 705 2303 interfectus
742 2269 800 2302 est
833 2262 1047 2310 (Drumann
1085 2264 1115 2310 1,
1150 2263 1269 2313 436),
1310 2265 1467 2304 alteram
1499 2278 1531 2304 a.
1556 2265 1655 2312 718,
1694 2279 1768 2317 qua
1799 2267 1837 2305 in

53 2332 291 2385 expeditione
321 2333 444 2385 ipsius
475 2332 628 2372 Antonii
662 2333 757 2371 duae
787 2331 954 2383 legiones
986 2345 1073 2371 cum
1113 2332 1237 2383 legato
1276 2334 1400 2385 Oppio
1433 2334 1604 2373 Statiano
1635 2348 1655 2373 a
1685 2334 1836 2373 Parthis

54 2401 248 2454 Medisque
278 2402 324 2441 ad
353 2402 656 2441 internecionem
689 2414 819 2441 caesae
852 2407 942 2440 sunt
964 2401 1181 2451 (Drumann
1206 2404 1240 2450 1,
1263 2403 1373 2454 454).
1421 2404 1593 2449 Quarum
1625 2402 1836 2454 signatum

55 2476 163 2522 capta
207 2483 293 2510 01101
328 2470 427 2510 Medi
457 2484 489 2510 a.
515 2471 590 2509 721
631 2470 706 2522 ipsi
742 2469 906 2508 Antonio
953 2470 1208 2509 reddidissent
1243 2471 1326 2519 (Dio
1350 2471 1414 2517 49,
1438 2472 1524 2520 44),
1572 2484 1668 2522 quae
1706 2471 1837 2510 Parthi

54 2545 233 2590 ceperant
262 2552 342 2578 non
372 2539 552 2579 restituta
583 2546 676 2578 sunt
708 2538 781 2577 nisi
813 2550 899 2577 cum
932 2538 1051 2588 signis
1084 2538 1307 2578 Crassianis.
1369 2539 1587 2579 Monaesem
1619 2539 1836 2591 accepimus

55 2613 211 2659 propter
241 2607 521 2647 dissensionem
554 2620 640 2646 cum
673 2619 761 2657 rege
791 2606 954 2645 Phraate
985 2620 1016 2645 a.
1042 2607 1120 2645 717
1151 2621 1171 2646 a
1202 2608 1354 2647 Parthis
1386 2609 1527 2660 fugisse
1559 2609 1604 2647 ad
1626 2609 1836 2647 Antonium

55 2675 163 2727 eique
195 2689 234 2715 se
266 2676 451 2716 obtulisse
484 2677 621 2715 ducem
653 2675 742 2714 belli
773 2674 894 2713 futuri
925 2675 1230 2728 effecturumque
1261 2690 1301 2716 se
1332 2678 1604 2729 spopondisse,
1648 2685 1691 2716 ut
1720 2677 1836 2729 pleri-

56 2757 128 2796 que
158 2744 289 2784 Parthi
326 2751 464 2796 sponte
501 2757 570 2783 sua
602 2744 786 2782 Romanis
826 2756 867 2782 se
909 2743 1120 2792 traderent,
1162 2753 1364 2798 exceptum
1403 2748 1454 2786 ita
1485 2759 1555 2798 pro
1587 2758 1738 2785 summa
1770 2758 1836 2797 spe

0 2833 3 2836 >
55 2811 95 2851 in
124 2825 168 2852 eo
199 2813 324 2865 posita
356 2812 532 2852 maximis
564 2812 776 2851 honoribus
808 2811 1120 2864 destinatumque
1151 2813 1197 2852 ab
1227 2815 1415 2862 Antonio,
1457 2827 1572 2866 quem
1604 2814 1835 2852 Parthorum

55 2892 183 2932 regem
213 2883 366 2928 faceret,
398 2893 487 2919 mox
517 2893 537 2919 a
559 2880 721 2919 Phraate
753 2880 825 2918 sibi
856 2886 1050 2919 metuente
1079 2881 1119 2919 in
1151 2882 1312 2933 patriam
1344 2889 1562 2922 revocatum
1596 2895 1678 2921 esse
1709 2888 1747 2920 et
1775 2881 1836 2920 10-

58 2950 246 2989 columem
279 2949 483 2988 dimissum
515 2949 561 2987 ab
591 2949 757 2988 Antonio
789 2948 874 2999 (Dio
896 2948 960 2995 49,
984 2948 1048 2986 23.
1072 2948 1147 2997 24;
1183 2949 1377 2989 Plutarch.
1399 2951 1488 2989 Ant.
1512 2951 1593 3002 87).
1650 2949 1761 2989 Hunc
1795 2955 1837 2989 ut

56 3015 97 3056 in
126 3017 223 3057 bello
253 3031 285 3057 a.
318 3017 396 3057 718
427 3017 580 3056 Parthis
620 3016 829 3068 praefuisse
868 3023 1085 3056 statuamus
1123 3024 1160 3056 et
1196 3019 1446 3071 praecipuum
1484 3024 1681 3058 auctorem
1717 3017 1834 3056 fuisse

59 3084 174 3125 cladis
205 3086 417 3138 Oppianae,
458 3086 619 3137 requirit
656 3098 744 3125 cum
780 3086 887 3125 locus
918 3085 1148 3126 Horatianus
1188 3092 1271 3126 tum
1307 3088 1410 3138 quod
1446 3093 1575 3127 narrat
1603 3086 1833 3126 Plutarchus
