2227 3452
925 166 966 209 V,
992 167 1128 202 24—31
1844 175 1860 212 1
1876 175 1918 213 11

125 297 171 323 ex
208 283 327 322 Dione
357 285 421 329 51,
458 284 520 329 16,
560 284 673 322 modo
710 285 743 322 is
774 297 821 323 ne
852 285 1000 324 errarit.
1052 285 1136 324 Filii
1167 297 1254 324 cum
1287 285 1408 336 patris
1439 286 1478 324 in
1511 287 1729 337 captivitate
1760 290 1921 329 comites

125 351 214 390 facti
250 358 397 398 essent,
439 352 607 390 Artaxen
644 354 731 403 fuga
769 353 941 404 elapsum
983 361 1021 392 et
1052 354 1211 391 domum
1244 366 1443 392 reversum
1477 354 1678 405 (Iosephus
1720 359 1782 403 15,
1812 359 1848 404 4,
1880 358 1920 406 3)

124 419 297 458 Armenii
328 432 454 470 regem
489 419 561 458 sibi
592 421 892 460 constituerunt.
944 421 1084 460 Contra
1116 434 1204 460 eum
1237 434 1326 460 cuin
1349 422 1471 460 Medis
1492 423 1650 461 Antonii
1683 431 1764 463 tum
1793 432 1921 476 partes

124 487 309 539 amplexis
347 488 517 539 primum
559 501 621 527 res
652 501 835 540 prospere
866 489 1046 528 cessisset
1076 496 1183 540 parte
1214 490 1416 528 Armeniae
1448 497 1654 541 occupata,
1695 492 1788 530 item
1820 493 1922 533 Tiri-

125 555 232 594 dates
269 556 479 607 expulisset
514 556 776 595 adversarium
815 557 1024 604 Phraaten,
1065 570 1155 595 mox
1196 564 1333 596 ruente
1363 558 1518 596 Antonii
1554 560 1723 609 potentia
1755 560 1794 598 hi
1824 575 1922 612 quo-

125 636 199 674 que
231 623 325 662 socii
355 624 437 662 eius
467 624 556 664 victi
588 632 680 664 sunt
710 632 748 664 et
769 625 954 664 Phraates
985 625 1255 664 adimantibus
1280 626 1430 677 Scythis
1463 626 1665 665 restitutus
1697 627 1735 665 in
1758 642 1920 678 regnum

123 697 342 742 paternum,
375 694 534 731 Artaxes
564 707 718 744 quoque
749 694 788 732 in
818 700 966 745 partem
1000 694 1106 744 regni
1137 694 1331 739 amissam,
1365 694 1486 732 Media
1518 695 1666 732 veroin
1691 703 1920 746 potestatem

123 759 293 798 hostium
326 760 430 798 venit
461 767 498 799 et
526 761 607 812 ipse
628 774 695 800 rex
717 768 851 812 captus
874 768 932 800 est
953 762 1039 812 <Dio
1062 763 1126 807 49,
1150 763 1220 808 44;
1243 762 1438 800 Plutarch.
1460 763 1547 801 Ant.
1572 762 1652 810 53).
1696 764 1770 802 Sed
1792 777 1921 803 rerum

122 827 270 878 potitus
301 828 497 878 Augustus
540 842 628 867 cum
660 829 816 868 Antonii
861 830 1088 869 adversariis
1121 830 1284 868 Phraate
1315 830 1458 868 Partho
1496 838 1534 869 et
1571 832 1709 869 Artaxe
1740 833 1923 871 Armenio

124 901 272 934 tantum
311 896 442 935 aberat
481 904 522 935 ut
557 898 593 936 in
627 897 787 948 gratiam
835 898 989 943 rediret,
1037 904 1079 936 ut
1124 898 1432 936 adversariomim
1473 905 1601 950 partes
1640 900 1760 950 magis
1797 900 1923 939 susci-

122 971 242 1015 peret.
302 964 349 1003 Et
389 965 596 1004 Tiridatem
644 967 798 1017 quidem
846 966 1077 1005 Parthorum
1125 980 1254 1015 regem
1301 967 1357 1004 xcl
1404 967 1740 1018 potiusi·e‹.,1111111
1787 981 1920 1007 eorum

121 1033 376 1072 adfectantem
420 1041 501 1071 tum
545 1034 763 1084 confugisse
805 1035 849 1072 ad
882 1035 1081 1073 Caesarem
1115 1034 1214 1072 infra
1248 1035 1364 1081 (ad5
1370 1036 1469 1081 5,41
1502 1036 1732 1075 xidebimus.
1791 1037 1923 1075 Artaxi

121 1101 326 1139 Armeniae
366 1101 444 1152 regi
486 1102 683 1151 Augustus
721 1115 808 1140 cum
842 1108 1090 1141 succenseret
1120 1109 1277 1154 propter
1313 1103 1413 1141 cives
1445 1103 1640 1143 Romanos
1671 1105 1711 1142 in
1742 1105 1920 1144 Armenia

121 1169 330 1208 crudeliter
367 1170 610 1215 interfectos,
652 1172 789 1209 fratres
829 1171 911 1209 eius
942 1171 1200 1209 Alexandreae
1238 1177 1411 1222 repertos
1443 1172 1588 1223 petenti
1619 1172 1653 1210 ei
1685 1186 1762 1211 non
1793 1173 1923 1212 reddi-

121 1237 188 1282 dit,
220 1238 286 1276 sed
309 1238 471 1277 Romam
505 1251 635 1277 secum
670 1239 775 1277 duxit
806 1239 889 1277 (Dio
912 1240 934 1277 l.
958 1239 1008 1289 c.)
1040 1252 1163 1289 neque
1198 1246 1325 1277 tamen
1356 1254 1400 1277 eo
1435 1247 1607 1291 tempore
1639 1241 1921 1292 expeditionem

120 1311 253 1345 contra
291 1319 379 1344 eum
419 1307 598 1357 suscepit.
668 1307 741 1345 Sed
781 1307 979 1346 Artavasdi
1019 1308 1217 1346 Medorum
1259 1308 1356 1357 regi,
1395 1321 1508 1359 quem
1547 1309 1752 1348 liberatum
1792 1310 1922 1349 nescio

120 1386 197 1425 quo
236 1374 353 1412 modo
405 1388 450 1412 ex
488 1374 706 1425 captivitate
744 1375 956 1426 supplicem
998 1376 1043 1414 ad
1083 1389 1122 1413 se
1162 1376 1381 1425 confugisse
1412 1378 1610 1426 Augustus
1651 1378 1785 1416 scribit
1822 1378 1922 1417 infra

121 1442 158 1488 6,
193 1443 237 1488 1,
283 1442 426 1481 scilicet
463 1443 630 1481 Antonio
678 1442 826 1481 devicto
867 1456 898 1481 a.
934 1444 1011 1481 7223
1053 1444 1110 1481 vel
1153 1444 1233 1482 724
1275 1444 1361 1493 (Dio
1394 1446 1458 1489 51,
1497 1446 1562 1483 tti:
1610 1445 1684 1497 τὴν
1720 1446 1800 1497 μὲν
1840 1461 1921 1497 γαρ

113 1506 326 1563 Ἰωτάπην
360 1512 419 1562 τῷ
455 1509 595 1563 [Μήδῳ
642 1510 936 1562 καταφυγόντι
968 1511 1076 1563 μειά
1109 1511 1180 1564 τήν
1213 1508 1340 1564 ἦιιαν
1373 1511 1481 1563 πρὸς
1512 1509 1644 1552 (σι”ιὸν
1674 1511 1782 1553 ἑκών
1813 1511 1922 1553 ἁπέ-

120 1576 248 1628 δωκε)
285 1578 427 1629 quique
466 1579 550 1617 sine
587 1579 703 1617 dubio
745 1592 808 1617 rex
844 1580 1042 1618 Medorum
1080 1587 1137 1619 est
1170 1580 1393 1619 nominatus
1427 1582 1537 1623 5,.521
1570 1581 1671 1620 inter
1703 1595 1823 1632 reges,
1856 1583 1922 1633 qui

120 1658 189 1698 per
217 1646 361 1697 legatos
383 1646 648 1685 Romanorum
681 1647 888 1686 amicitiam
922 1649 1135 1700 petiissent,
1167 1661 1244 1686 non
1278 1650 1401 1687 solum
1430 1649 1544 1687 liliam
1569 1650 1726 1701 lotapen
1757 1651 1924 1690 reddidit

118 1714 205 1765 (Dio
237 1715 259 1753 l.
283 1715 352 1765 c.),
394 1715 458 1753 sed
491 1728 578 1753 eum
613 1716 811 1754 collocavit
842 1716 879 1754 in
912 1717 1093 1755 Armenia
1125 1717 1295 1763 minore,
1337 1718 1419 1755 sine
1451 1718 1568 1756 dubio
1601 1725 1643 1757 ut
1673 1719 1823 1759 Artaxi.
1857 1720 1922 1770 qui

117 1782 247 1834 ipsum
280 1796 325 1821 ex
356 1783 477 1821 Media
507 1784 718 1835 expulerat,
751 1784 789 1822 in
821 1785 938 1823 latere
970 1785 1119 1836 positus
1143 1786 1403 1829 insidiaretur,
1437 1793 1480 1825 ut
1501 1786 1679 1825 similiter
1711 1787 1921 1826 Tiridatem

118 1857 202 1890 tum
225 1851 265 1889 in
288 1851 395 1902 Syria
418 1852 553 1902 degere
575 1852 700 1891 iussit.
741 1852 836 1890 Nam
860 1854 962 1903 (prod
982 1854 1049 1891 Dio
1071 1856 1187 1892 rel'ert
1211 1855 1274 1897 54,
1295 1856 1317 1891 Ε)
1340 1868 1372 1892 a.
1394 1855 1472 1892 734
1496 1855 1714 1905 Augustum
1737 1856 1922 1895 Archelao

117 1919 197 1969 regi
236 1920 494 1971 Cappadociae
532 1920 682 1959 dedisse
712 1921 934 1959 Armeniam
978 1923 1187 1967 minorem,
1231 1919 1292 1961 ὅιί
1339 1921 1359 1961 ὁ
1400 1922 1550 1975 Μῆδος
1589 1920 1610 1962 ὁ
1651 1923 1756 1975 πρὶν
1794 1921 1923 1977 αὐτῆς

117 1985 364 2039 βασιλεύων
394 1986 635 2040 ἐτεθνήκει,
668 2002 711 2027 eo
745 1989 849 2027 ducit
881 2002 962 2027 eam
996 1990 1193 2040 regionem
1226 2004 1257 2028 c.
1280 2004 1312 2028 a.
1337 1991 1416 2028 72⁷1
1449 1991 1494 2028 ab
1517 1992 1691 2042 Augusto
1723 1992 1922 2031 Artavasdi

117 2068 339 2094 concessam
371 2069 467 2094 esse.
519 2058 561 2095 A.
586 2058 665 2095 7:³4
698 2057 755 2095 vel
784 2058 909 2108 paullo
933 2064 1019 2096 ante
1042 2059 1290 2096 Artavasdem
1315 2059 1455 2097 obiisse
1477 2072 1520 2097 ex
1544 2060 1678 2097 eodem
1703 2059 1785 2097 loco
1808 2060 1922 2098 intel-

116 2124 278 2175 legitur3
316 2124 411 2163 obiit
449 2131 577 2163 autem
611 2125 755 2164 Romae
795 2139 917 2164 annos
956 2133 1070 2165 natus
1113 2127 1467 2177 undequadraginta
1503 2134 1596 2165 teste
1630 2127 1740 2166 titulo
1773 2128 1920 2167 urbano

117 2194 157 2231 C.
182 2193 207 2231 1.
231 2193 271 2231 L.
295 2193 358 2239 VI,
394 2193 499 2232 1793
538 2194 680 2245 scripto
712 2195 750 2232 in
782 2208 896 2245 parva
930 2195 1063 2233 tabella
1098 2196 1337 2245 marginibus
1369 2196 1582 2241 exornatis,
1623 2196 1759 2235 litteris
1791 2204 1921 2236 autem

117 2260 354 2312 elegantibus
386 2274 511 2312 neque
543 2262 843 2301 abhorrentibus
875 2263 921 2301 ab
952 2270 1074 2302 aetate
1106 2264 1299 2314 Augusta:

702 2376 789 2379 ψη
806 2366 1299 2408 ,μ-»κχχ

293 2374 496 2566 {sen
509 2371 705 2533 &N
719 2414 1069 2534 ιιὸᾲιτν
1091 2410 1595 2540 Aes-s
