2430 3394
396 115 480 155 200
1206 107 1301 143 VER
1307 106 1378 141 SIO

396 233 557 269 fortasse
603 228 704 267 aliud
750 240 903 279 quoque
945 227 1095 266 1210.
1124 228 1169 264 11
1231 225 1304 273 τὰς
1348 225 1456 271 θέας
1496 223 1573 264 διὰ
1618 222 1770 264 ἑκατὸν
1816 221 1920 265 ἐτῶν
1964 227 2197 279 γινομένας

396 294 720 349 ὄνομαζο,1ιέι·ας
759 294 1026 347 σαικλάρεις,
1067 295 1131 333 11111
1171 295 1294 345 glossa
1334 306 1421 331 cnm
1466 292 1784 344 interpretatione
1824 292 1864 331 in
1897 306 2017 332 unum
2057 295 2198 334 coaluit

395 366 521 416 (ludos
550 364 762 404 saeculares
794 364 831 403 in
865 365 1038 415 exemplo
1071 362 1207 401 Latino
1251 361 1438 412 scriptum
1479 363 1566 407 est).
1627 360 1704 398 Iam
1739 359 1805 411 qui
1838 360 2020 411 glossario
2053 363 2196 402 Graeco

395 434 489 473 adeo
529 445 607 472 11011
645 432 778 472 didicit
815 439 916 471 recte
957 433 1011 470 uti
1055 437 1096 470 ut
1136 431 1193 468 vel
1239 435 1371 468 contra
1418 428 1648 466 sententiam
1689 441 1709 466 3
1749 428 1937 479 scriptore
1978 429 2195 469 institutam

395 502 509 540 verba
540 502 652 553 plana
683 514 726 539 ac
756 501 957 552 perspicua
989 500 1324 551 interpretaretur,
1357 496 1387 535 is
1420 496 1639 535 mehercule
1678 509 1755 535 non
1780 497 1947 535 Graecus
1979 497 2052 536 fuit
2081 498 2198 536 homo

396 570 461 609 sed
493 570 706 608 Romanus.
768 568 911 616 Graeci
932 575 1061 607 autem
1095 566 1286 606 sermonis
1318 566 1513 604 insuetum
1547 577 1587 603 se
1619 564 1797 616 praebuit
1832 564 1945 603 etiam
1979 565 2060 604 aliis
2091 577 2198 604 com-

396 638 527 677 missis
559 638 769 684 erroribus,
802 650 821 675 e
853 637 994 687 quibus
1028 636 1221 687 graviores
1253 634 1441 685 quosdam
1474 632 1641 671 breviter
1673 633 1973 672 recensebimus.

526 703 773 758 ‘Saepissime
806 705 975 757 peccavit
1006 704 1045 742 in
1086 704 1247 742 articulo
1279 703 1337 740 vel
1367 701 1606 739 admittendo
1638 701 1703 739 ubi
1733 701 1840 740 locus
1872 702 1954 740 cius
1991 714 2069 741 non
2101 708 2201 741 esset

397 775 455 813 vel
492 775 706 813 omittendo
745 773 811 812 ubi
850 773 968 811 careri
1008 785 1068 810 eo-
1092 771 1280 822 nequiret.
1353 769 1516 820 Scripsit
1556 769 1617 808 ille
1662 770 1696 815 1,
1721 770 1743 807 7
1786 768 1832 808 ἐν
1870 770 1918 825 τῇ
1958 767 2071 815 τάξει
2117 770 2202 810 τῶν

399 839 622 883 ὑπατικῶν
654 839 744 895 ἅμα
777 840 821 880 τὸ
854 837 1166 892 συμβουλεύειν
1197 836 1337 877 δοῦσα
1369 837 1621 885 (consularem
1651 838 1771 876 locum
1804 838 1916 876 sinml
1938 838 2032 877 daus
2051 845 2200 878 senten-

396 915 468 952 tiae
497 911 716 963 ferendae),
755 910 820 949 ubi
861 909 1023 948 debebat
1061 914 1126 946 aut
1159 906 1203 946 ἐν
1238 913 1325 952 τοῖς
1360 902 1588 952 ὑπατικοῖς
1620 906 1731 957 (App.
1755 906 1790 944 b.
1814 918 1844 944 c.
1869 906 1906 955 3,
1931 907 2003 950 51;
2037 905 2081 945 ἐν
2110 913 2202 953 τοῖς

396 976 697 1031 τεταμιενκόσι
741 977 808 1016 Dio
832 978 896 1023 46,
921 976 991 1027 29)
1036 982 1102 1014 aut
1145 973 1191 1014 ἐν
1232 971 1449 1014 ὑπατικοῦ
1489 973 1629 1022 τάξεις
1669 986 1741 1012 11εο
1782 975 1903 1025 magis
1943 981 2046 1013 recte
2091 974 2201 1022 12,8

396 1049 507 1095 θέας
538 1044 728 1099 ἐποίησα
761 1042 815 1085 δι’
849 1044 954 1098 ἐμοῦ
986 1044 1197 1096 τετράκις,
1232 1041 1305 1082 διὰ
1337 1041 1385 1082 δὲ
1416 1043 1499 1082 τῶν
1531 1040 1673 1081 ἄλλων
1704 1038 1847 1095 ἀρχῶν
1884 1041 1930 1082 ἐν
1960 1044 2079 1096 μέρει
2112 1043 2203 1095 τρὶς

397 1116 465 1156 καὶ
502 1112 720 1161 εἰκοσάκις
752 1115 932 1165 (aliorum.
964 1115 1251 1164 mayz'serctluum
1283 1113 1412 1159 ve'cem)
1435 1111 1589 1163 scripsit
1620 1124 1690 1162 pro
1718 1110 1774 1151 δι’
1797 1110 1939 1153 ἄλλων
1969 1111 2018 1152 δὲ
2049 1108 2202 1164 ἀρχῶν.

398 1185 496 1223 Item
530 1183 701 1223 abundat
737 1182 921 1221 articulus
956 1182 1018 1227 14,
1043 1180 1065 1219 3
1100 1180 1255 1219 πασῶν
1286 1178 1525 1232 ἐπαρχιῶν,
1560 1178 1629 1225 αἶς
1661 1176 1799 1233 ὅμορα
1838 1176 1885 1234 ῆν
1923 1179 2031 1234 ἔθνη
2064 1180 2116 1220 τὰ
2145 1181 2203 1235 μὴ

400 1249 741 1302 ὑποτασσόμενοι
772 1251 821 1304 τῇ
858 1246 1041 1303 ἡμετέρᾳ
1075 1244 1300 1301 ἡγεμονίᾳ,
1341 1248 1407 1286 ubi
1443 1261 1520 1287 non
1559 1249 1751 1300 reputavit
1788 1249 1981 1301 interpres
2018 1262 2115 1301 quae
2146 1250 2202 1289 vis

397 1327 500 1360 esset
539 1319 775 1359 coniunctivi
814 1319 853 1356 in
892 1317 1017 1356 verbis
1061 1317 1225 1368 Augusti
1264 1317 1394 1369 quibus
1432 1317 1613 1368 finitimae
1649 1319 1811 1368 fuerunt
1838 1325 1962 1369 yences
1993 1331 2086 1370 quae
2128 1331 2203 1358 non

395 1397 594 1442 parerent,
625 1400 713 1427 nam
746 1394 848 1426 recte
875 1392 1057 1438 parerent
1088 1385 1126 1423 in
1149 1386 1284 1424 lacuna
1317 1385 1539 1436 suppletum
1573 1398 1657 1424 esse
1688 1399 1803 1425 nemo
1834 1386 2000 1436 negabit.
2062 1387 2202 1426 Contra

397 1457 591 1497 omittitur
612 1456 797 1496 articulus
820 1467 1022 1507 perperam
1060 1455 1122 1500 11,
1146 1455 1169 1492 7
1193 1452 1295 1493 ὁδὸν
1319 1452 1591 1506 Φλα,ιιιι’ίαν;
1626 1455 1687 1501 15,
1712 1455 1734 1493 5
1758 1451 1924 1506 μᾶλλον
1955 1452 2205 1508 ἐβουλήθην

396 1523 627 1578 βασιλείαν
664 1522 857 1577 Τιγράνῃ
892 1522 1059 1569 δοῦναι,
1091 1522 1154 1561 ubi
1180 1522 1211 1561 si
1244 1522 1372 1560 minus
1404 1519 1563 1575 ταύτην
1594 1521 1668 1575 τὴν
1699 1520 1929 1573 βασιλείαν
1963 1522 2137 1575 (reguum
2166 1524 2205 1563 id

397 1594 566 1645 Latine),
607 1600 644 1632 at
685 1592 758 1646 τήν
796 1590 1027 1644 βασιλείαν
1065 1597 1169 1629 certe
1213 1591 1401 1642 scriptum
1442 1590 1631 1641 oportuit3
1676 1591 1738 1637 10,
1769 1590 1821 1628 22
1859 1590 2017 1643 μεταξὺ
2054 1592 2130 1631 τοῦ
2160 1607 2205 1631 τε

396 1663 503 1703 ναοῦ
542 1663 624 1701 τῶν
663 1658 920 1712 Διοσκόρων
958 1658 1028 1697 καὶ
1077 1655 1243 1711 Κρόνου
1282 1672 1352 1710 pro
1385 1658 1454 1696 καὶ
1500 1660 1571 1699 τοῦ
1612 1656 1805 1711 Κρόνους
1849 1659 1911 1706 12,
1945 1659 1967 1698 3
2014 1657 2106 1713 τρῖς
2144 1660 2205 1713 τῷ

398 1729 486 1783 ἐμῷ
517 1726 699 1782 ὀνόματι
740 1728 811 1767 καὶ
855 1725 1058 1774 πεντάκις
1098 1727 1181 1766 τῶν
1223 1724 1327 1767 υἱῶν
1368 1742 1450 1780 μοι’
1491 1730 1539 1777 (et
1571 1730 1791 1780 quinquiens
1829 1728 1997 1780 filiorum
2036 1740 2203 1768 meorum

396 1796 562 1849 nomine)
601 1811 670 1849 pro
720 1798 774 1851 τῷ
814 1797 896 1836 τῶν
935 1790 1041 1835 ι’ἶιῦν
1085 1809 1167 1848 μοι·
1215 1796 1299 1835 coll.
1327 1796 1388 1843 12,
1414 1798 1458 1844 73
1499 1797 1594 1835 adde
1639 1797 1741 1848 quod
1778 1797 1961 1848 populum
1991 1797 2205 1838 Romanum

397 1866 631 1918 quinquiens
670 1867 784 1904 vertit
820 1864 894 1904 τὸν
926 1863 1065 1917 δῆμον
1096 1863 1180 1902 τῶν
1212 1863 1349 1914 (semel
1380 1865 1523 1904 rectius
1558 1879 1630 1904 του
1662 1863 1800 1918 δήμου
1835 1864 1909 1905 τοῦ
1939 1878 2043 1904 111011.
2067 1866 2206 1918 Apoll.)

393 1932 634 1987 Ῥωμαίων,
669 1934 817 1973 octiens
848 1946 937 1972 vero
969 1931 1109 1986 δῆμον
1137 1928 1373 1983 Ῥωμαίων.
1434 1933 1549 1972 Deest
1579 1933 1764 1976 articulus
1795 1934 1991 1973 interdum
2023 1934 2206 1974 substan-

401 2002 485 2042 tivis
516 2002 658 2054 quibus
691 1997 815 2048 οὗτος
846 2002 905 2041 vel
935 2000 1094 2047 ἐκεῖνος
1134 2001 1366 2053 pronomina
1397 2001 1524 2041 addita
1555 2009 1665 2049 sunt,
1711 2002 1747 2049 8,
1774 2003 1823 2041 17
1857 1997 1980 2048 οὗτος
2012 1999 2207 2055 ἀριθμὸς

398 2070 564 2111 πλείων
595 2095 648 2100 -—
681 2068 892 2124 ὑπῆρχεν,
928 2071 990 2117 16,
1017 2071 1065 2109 17
1093 2068 1178 2123 πρὸ
1202 2067 1357 2110 τούτου
1377 2068 1547 2123 χρόνον,
1580 2070 1643 2117 12,
1670 2071 1719 2109 14
1741 2071 1829 2123 μετ’
1853 2069 2020 2110 ἐκεῖνον
2039 2069 2204 2125 χρόνον.

399 2139 565 2178 Interest
603 2139 746 2191 aliquid
785 2140 886 2178 inter
923 2135 1077 2186 στόλος
1116 2137 1218 2190 ἐμὸς
1256 2144 1294 2177 et
1326 2136 1347 2178 ὁ
1381 2137 1484 2192 ἐμὸς
1517 2136 1680 2186 στόλος,
1713 2145 1751 2178 et
1781 2145 1883 2178 recte
1916 2137 2067 2186 στόλος
2104 2138 2206 2192 ἐμὸς

399 2209 586 2260 scriptum
620 2216 678 2248 est
713 2210 776 2256 14,
803 2209 877 2256 103
910 2221 953 2247 eo
985 2207 1118 2247 falsius
1149 2211 1278 2245 autem
1316 2207 1348 2253 1,
1376 2208 1410 2245 1.
1434 2207 1458 2245 2
1492 2205 1570 2263 ἐμῇ
1601 2204 1746 2260 γνώμῃ
1780 2206 1853 2246 καὶ
1886 2205 2008 2260 ἐμοῖς
2040 2205 2206 2248 ἀναλώ-

399 2287 536 2330 μασιν
566 2281 715 2326 (contra
747 2283 850 2316 recte
883 2278 920 2323 9,
946 2277 995 2315 16
1028 2278 1077 2332 τῇ
1109 2274 1189 2331 ἐμῇ
1223 2271 1387 2329 γνώμῃ)
1417 2283 1455 2315 et
1477 2276 1513 2323 S,
1540 2276 1589 2315 19
1621 2274 1665 2315 ἐν
1688 2272 1876 2325 ὑπατείᾳ
1897 2270 2074 2332 τετάρτῃ
2107 2274 2204 2332 ἐμῇ,

399 2352 514 2397 atque
551 2346 710 2384 omnino
749 2346 854 2384 nullo
894 2345 1119 2383 discrimine
1158 2347 1258 2384 facto
1298 2342 1339 2383 οἳ
1380 2341 1467 2383 ι’ἳοί
1504 2357 1612 2396 μου,
1654 2341 1695 2383 οἳ
1726 2340 1821 2396 ἐμοὶ
1858 2340 1968 2391 υἱοί,
2008 2341 2030 2384 ὁ
2061 2342 2204 2398 πατήρ

401 2429 484 2466 μου
517 2421 555 2454 et
584 2409 605 2454 ὁ
643 2413 783 2467 πατήρ
817 2411 838 2453 ὁ
871 2411 973 2461 ἐμός
1007 2426 1112 2452 mero
1145 2413 1316 2453 variandi
1347 2412 1475 2452 studio
1508 2412 1633 2464 posita
1665 2412 1852 2452 videmus.

531 2480 881 2534 ‘praepositionum
914 2494 1030 2520 usum
1068 2494 1147 2520 non
1187 2495 1341 2534 semper
1381 2487 1483 2520 recte
1523 2481 1740 2520 observavit
1784 2481 1996 2533 interpres3
2033 2494 2122 2521 nam
2162 2486 2206 2521 ut

401 2551 601 2591 mittamus
623 2552 728 2604 quod
750 2563 879 2590 errore
901 2552 1064 2589 fortasse
1086 2550 1260 2601 lapidarii
1282 2556 1415 2589 natum
1442 2562 1555 2601 supra
1579 2550 1855 2600 exagitavimus
1890 2552 1923 2597 1,
1950 2550 1998 2589 18
2027 2549 2205 2603 ἐνίκησα

399 2620 639 2675 παρατάξει
678 2633 748 2672 pro
780 2616 824 2659 ἐν
857 2617 1097 2671 παρατάξει
1131 2619 1203 2665 vel,
1236 2626 1279 2657 ut
1300 2618 1507 2670 Dionysius
1540 2618 1673 2657 scribit
1705 2619 1755 2669 (ΙΙ
1789 2620 1839 2657 50
1872 2619 1949 2665 aL),
1983 2617 2027 2657 ἐκ
2059 2632 2204 2670 παρα-

400 2689 577 2737 τάξεως,
616 2689 755 2728 falsum
794 2693 851 2727 est
887 2688 990 2738 quod
1021 2686 1161 2737 legitur
1193 2686 1306 2734 2,16
1341 2684 1368 2725 ἃ
1399 2683 1527 2733 αὲτὸς
1561 2685 1583 2739 ἢ
1617 2685 1693 2726 δια
1724 2685 1822 2733 τοὺς
1856 2684 2205 2739 ὑποστρατήγους

400 2757 528 2811 ἐμοὺς
559 2756 860 2810 κατώρθωσα,
893 2768 982 2795 113111
1015 2755 1213 2806 genetivus
1244 2755 1460 2794 necessario
1492 2755 1715 2806 requiritur,
1748 2768 1824 2806 quo
1855 2767 1945 2794 casu
1976 2761 2078 2794 recte
2109 2767 2203 2793 usus

399 2828 460 2866 ille
492 2833 551 2866 est
582 2826 619 2873 3,
643 2826 694 2865 20
728 2824 784 2865 δι’
819 2824 925 2878 ἐμοῦ
956 2830 993 2863 et
1025 2825 1061 2871 5,
1085 2825 1108 2863 9
1141 2822 1217 2863 διὰ
1248 2825 1331 2863 τῶν
1365 2820 1553 2863 ὑπάτων.
1605 2824 1736 2874 Neque
1760 2823 1879 2874 magis
1901 2823 2055 2875 probari
2076 2829 2205 2875 potest

401 2897 504 2946 quod
541 2895 660 2934 cuivis
706 2893 882 2946 genetivo
921 2892 1100 2944 partitivo
1139 2906 1185 2931 ex
1223 2892 1489 2932 Romanorum
1530 2904 1637 2930 more
1682 2891 2007 2943 praepositionem
2039 2886 2084 2937 ἐξ
2116 2890 2201 2929 addi

401 2977 515 3015 posse
560 2963 811 3010 existimavit3
862 2974 951 3001 113111
1007 2961 1153 3001 diversa
1200 2968 1293 3000 sunt
1337 2974 1434 3012 quae
1480 2962 1621 3000 Graece
1662 2960 1735 2999 dici
1777 2960 1903 2999 solent
1940 2958 1985 2998 ἐκ
2027 2957 2204 2997 πάντων

402 3030 592 3083 μάλιστα
629 3037 665 3070 et
703 3030 747 3070 ἐκ
781 3028 952 3070 πόλεων
984 3031 1163 3083 πίσυρες
1201 3030 1247 3069 ab
1278 3030 1351 3069 illis
1382 3042 1479 3081 quae
1510 3030 1699 3080 interpres
1732 3028 1804 3067 sibi
1833 3027 2012 3080 permisit
2042 3027 2078 3074 2,
2102 3026 2126 3065 2
2158 3024 2204 3071 ἐξ
