2227 3452
959 157 1028 201 m,
1058 160 1146 193 1—6
1897 162 1950 203 55

157 280 215 320 nit
235 291 323 318 cum
346 279 557 318 secundum
581 291 696 331 supra
718 279 818 319 dicta
840 282 982 319 factum
1005 291 1089 318 esse
1112 278 1286 317 videatur
1301 291 1332 317 a.
1353 277 1432 316 752
1454 278 1676 330 incipiente,
1699 292 1787 319 cum
1810 279 1950 320 Lucius

156 360 301 388 annum
325 359 407 386 x1111
435 353 501 386 aut
530 348 760 399 explevisset
789 354 856 387 aut
885 348 1109 400 expleturus
1140 353 1253 393 esset,
1285 359 1318 384 v.
1342 346 1365 384 3
1398 352 1531 385 utrum
1564 360 1645 385 xnn
1676 348 1793 387 fuerit
1821 361 1868 387 an
1892 362 1950 396 xv,

155 415 305 456 definiri
332 428 410 454 non
442 422 582 467 potest.
613 441 667 446 —
698 416 751 455 De
782 416 957 455 censorio
988 418 1124 455 funere
1144 416 1228 455 vide
1250 415 1426 454 Tacitum
1449 427 1538 453 ann.
1566 415 1626 461 13,
1651 415 1694 462 ἒς
1725 416 1951 467 Marquard-

155 485 251 525 tium
270 484 506 524 Privatleben
526 486 560 531 1,
579 485 678 533 3403
699 485 925 526 Staaesrecht
948 486 967 523 1
981 485 995 506 2
1013 498 1048 536 p.
1068 485 1162 523 425.
1193 483 1334 523 Iustitii
1355 490 1514 536 propter
1535 489 1702 523 mortem
1720 485 1759 523 C.
1779 486 1950 525 Caesaris

151 553 286 594 indicti
316 552 580 593 meminerunt
607 553 696 592 fasti
726 553 1100 605 Ripatransonenses
1134 554 1183 601 (v,
1214 553 1314 592 infra
1345 553 1389 591 ad
1423 553 1459 599 5,
1492 551 1575 603 24).

285 621 530 674 Principatus
568 621 780 661 iuventutis
811 627 963 673 praeter
991 634 1176 661 nummos
1208 622 1420 672 titulosque
1450 626 1487 660 et
1519 620 1641 659 Taciti
1671 620 1799 660 locum
1832 635 1949 674 supra

154 691 293 730 relatos
316 691 380 742 (ct.
403 691 495 729 item
514 690 742 730 Staatsrecht
763 690 787 729 2
809 704 845 743 p.
865 690 964 742 800)
987 691 1166 730 meminit
1186 703 1232 729 ex
1246 690 1365 729 Dione
1384 689 1551 728 Zonaras
1575 690 1638 736 10,
1662 688 1713 727 35
1737 690 1782 728 de
1800 690 1890 729 Gaio
1913 698 1951 730 et

151 759 271 799 Lucio
301 771 479 798 narrans:
512 756 534 798 ὁ
563 757 817 808 Αὔγουστος
850 789 859 798 .
878 790 886 798 .
905 789 914 798 .
934 789 942 798 .
974 756 1211 811 πρόκριτοι)
1234 756 1431 812 ἀπέφηνε
1454 758 1527 811 τῆς
1550 754 1748 811 νεότητος
1770 757 1950 811 ἴλαρχόν

149 842 195 868 τε
226 826 363 881 φυλῆς
393 828 603 877 γενέσθαι
635 821 866 881 ἐπέτρεψε,
904 840 1140 880 quamquam
1173 834 1210 867 et
1242 828 1287 867 (le
1318 833 1476 866 auctore
1506 827 1666 866 honoris
1698 834 1736 866 et
1766 827 1806 866 in
1838 828 1949 868 annis

149 903 262 936 errat.
305 896 507 935 Praeterea
537 895 607 935 Dio
630 897 695 941 55,
731 896 780 935 12
812 896 852 935 in
873 897 1046 948 exequiis
1074 897 1142 936 Gai
1164 903 1202 936 et
1236 896 1344 935 Lucii
1376 896 1599 935 enarrandis
1632 896 1732 935 inter
1763 896 1832 935 alia
1856 897 1947 936 haec

119 961 284 1005 'habeis
327 962 373 1004 αἱ
414 963 571 1004 πέλται
614 963 668 1003 τά
698 979 742 1003 τε
773 962 958 1018 δόρατα,
998 962 1026 1005 ἑὲ
1065 964 1187 1019 παρὰ
1225 965 1308 1005 τῶν
1347 962 1521 1004 ἱππέων
1558 963 1600 1011 ἐς
1630 963 1729 1011 τοὺς
1760 961 1949 1018 ἐφήβους

148 1031 339 1081 ἐσιόντες
381 1032 521 1084 χρυσᾶ
573 1033 646 1085 (sic
698 1037 844 1082 errore)
902 1031 1160 1087 εἰλήφεσαν,
1215 1032 1257 1080 ἒς
1302 1032 1347 1073 τὸ
1395 1030 1702 1086 βουλευτήριον
1746 1030 1946 1088 ἀνετέθη.

147 1103 309 1142 Restant
339 1102 527 1154 quaedam
559 1103 776 1141 adnotanda
807 1104 853 1141 de
884 1102 966 1154 ipsa
998 1103 1194 1154 dignitate.
1241 1102 1289 1141 Et
1319 1102 1489 1154 opinatio
1521 1102 1676 1153 quidem
1701 1115 1848 1149 eorum,
1882 1103 1948 1155 qui

146 1172 358 1224 principem
391 1171 602 1210 iuventutis
634 1171 787 1223 proprie
809 1184 897 1210 eum
921 1184 1003 1210 6556
1026 1171 1099 1210 sibi
1120 1178 1410 1223 persuaserunt,
1443 1184 1558 1223 quem
1591 1171 1630 1210 in
1661 1171 1857 1223 equitibus
1884 1186 1947 1211 re-

146 1240 349 1279 censendis
381 1252 562 1280 censores
584 1240 755 1293 primum
777 1246 979 1279 vocassent
1001 1240 1162 1289 (Becker
1179 1239 1216 1285 2,
1252 1241 1271 1278 1
1305 1254 1340 1292 p.
1365 1240 1486 1291 288),
1525 1240 1671 1279 dudum
1704 1241 1857 1293 explosa
1888 1248 1948 1282 est

145 1315 184 1348 et
212 1311 377 1348 refutata
409 1309 649 1361 (Marquardt
678 1308 767 1348 hist.
800 1322 858 1360 eq.
881 1322 918 1361 p.
944 1308 1033 1359 75);
1065 1321 1155 1347 nam
1187 1309 1380 1361 principes
1402 1309 1594 1361 equestris
1616 1310 1762 1349 ordinis
1785 1310 1946 1350 similia-

144 1390 231 1429 que,
262 1390 360 1429 quae
389 1378 533 1429 passim
567 1377 668 1429 apud
691 1376 914 1417 Ciceronem
944 1378 1208 1429 reperiuntur,
1240 1390 1289 1416 ne
1319 1391 1432 1430 posse
1463 1378 1620 1429 quidem
1652 1378 1707 1418 sic
1737 1379 1857 1431 accipi
1887 1380 1946 1418 vel

142 1446 232 1485 inde
263 1452 432 1498 apparet,
464 1446 567 1498 quod
599 1446 645 1485 ab
676 1459 708 1485 a.
731 1445 812 1485 685
845 1445 890 1485 ad
922 1459 954 1485 a.
980 1446 1058 1485 726
1088 1446 1255 1485 lustrum
1288 1447 1437 1486 nullum
1476 1447 1676 1487 conditum
1708 1454 1790 1496 est,
1818 1460 1945 1500 neque

143 1528 259 1567 quem
290 1522 516 1567 comparant
546 1515 724 1567 princeps
755 1521 911 1554 senatus
943 1514 1027 1554 ideo
1060 1515 1113 1554 sic
1145 1515 1296 1562 dicitur,
1329 1516 1430 1567 quod
1462 1516 1612 1569 primus
1644 1522 1703 1557 est
1731 1516 1772 1556 in
1804 1517 1944 1557 tabulis

142 1583 328 1624 censoriis
359 1589 596 1631 senatorum,
629 1584 694 1623 sed
717 1584 820 1635 quod
851 1583 1001 1635 primus
1028 1584 1068 1623 in
1091 1590 1225 1623 senatu
1249 1585 1481 1623 sententiam
1501 1591 1672 1636 rogatur.
1714 1585 1791 1624 Nec
1814 1591 1942 1625 tamen

142 1659 344 1706 propterea
375 1652 604 1691 crediderim
636 1651 820 1704 principis
852 1652 1065 1692 iuventutis
1098 1653 1324 1704 dignitatem
1361 1660 1479 1692 totam
1503 1654 1691 1693 noviciam
1715 1667 1798 1693 esse
1820 1667 1944 1706 neque

141 1722 218 1761 ullo
251 1721 366 1760 modo
402 1721 628 1773 applicatam
668 1722 714 1760 ad
750 1721 948 1772 antiquam
986 1721 1040 1760 rei
1076 1722 1250 1774 publicae
1287 1724 1473 1769 sormam;
1516 1722 1636 1762 immo
1674 1736 1809 1762 verum
1849 1723 1944 1764 vidit

139 1790 179 1829 in
212 1790 436 1829 universum
462 1789 720 1842 Spanheinius
753 1790 815 1839 (de
847 1803 920 1829 usu
952 1797 989 1829 et
1019 1796 1159 1842 praest.
1192 1790 1378 1830 numism.
1402 1790 1439 1837 2,
1472 1791 1569 1839 359)
1599 1791 1858 1844 principatum
1881 1793 1942 1831 iu-

141 1859 309 1899 ventutis
328 1864 504 1910 repetens
526 1871 571 1897 ex
594 1858 761 1897 seviratu
784 1858 960 1909 equitum
982 1859 1262 1898 Romanorum.
1295 1858 1391 1898 Nam
1414 1872 1503 1899 cum
1520 1860 1714 1912 principes
1731 1860 1941 1901 iuventutis

140 1934 293 1968 constet
323 1927 442 1968 fuisse
473 1927 667 1980 principes
698 1927 874 1978 equitum
896 1928 1162 1966 Romanorum
1175 1928 1217 1979 ¹),
1250 1927 1364 1966 seviri
1395 1935 1524 1968 autem
1547 1929 1721 1980 equitum
1743 1930 1941 1969 Romano-

139 2075 289 2109 Titulum
315 2075 349 2108 C.
368 2075 506 2108 Caesari
532 2075 706 2107 Henzenus
733 2074 872 2116 tribuit,
904 2076 960 2107 sed
986 2075 1057 2118 ipse
1088 2075 1172 2107 vid1t
1197 2078 1331 2108 obstare
1358 2086 1493 2108 versum
1518 2076 1549 2115 2,
1578 2076 1604 2108 1.
1646 2075 1736 2118 Quae
1761 2083 1941 2120 supersunt

139 2144 332 2176 quamquam
359 2133 550 2166 continuam
576 2133 828 2165 restitutionem
856 2143 919 2163 non
946 2132 1126 2174 recipiunt,
1151 2132 1208 2164 uni
1234 2133 1267 2164 ni
1292 2131 1395 2164 fallor
1417 2131 1615 2165 Germanico
1642 2134 1856 2166 conveniunt.
1896 2135 1939 2167 Ei

138 2191 237 2232 enim,
262 2201 334 2224 cum
360 2200 388 2222 a.
407 2190 471 2222 762
500 2189 587 2221 bello
606 2189 790 2221 Dalmatico
816 2190 911 2221 linem
937 2190 1161 2232 imposuisset,
1188 2195 1224 2222 ut
1248 2190 1297 2221 ait
1316 2190 1375 2222 Dio
1396 2190 1448 2231 56,
1470 2191 1519 2232 17,
1548 2191 1636 2223 inter
1662 2191 1729 2223 alia
1755 2192 1865 2224 datum
1884 2197 1936 2225 est

138 2245 202 2290 τὴν
226 2245 405 2280 ὑπατείαν
429 2247 576 2280 θᾶσσον
601 2244 703 2289 παρὰ
730 2244 770 2278 τὸ
799 2248 1063 2291 νενομισμένον
1087 2247 1218 2288 λαβεῖν,
1243 2247 1329 2289 quod
1354 2251 1445 2279 recte
1472 2248 1519 2279 ita
1543 2249 1650 2290 accipi
1675 2253 1783 2291 potest
1809 2249 1840 2281 ei
1864 2260 1938 2292 per-

137 2305 275 2338 missum
311 2314 398 2345 esse,
435 2309 472 2336 ut
509 2304 623 2346 quinto
661 2314 746 2336 anno
784 2309 860 2347 post
895 2309 1108 2346 quaesturam
1145 2309 1274 2346 gestam
1310 2305 1349 2336 ad
1386 2306 1594 2338 consulatum
1623 2305 1857 2338 admitteretur
1881 2306 1937 2347 (cf.

138 2356 346 2396 Staatsrechl
373 2360 410 2394 12
432 2373 462 2405 p.
489 2362 585 2402 557);
618 2366 776 2405 quaestor
806 2362 893 2394 enim
930 2360 994 2394 fuit
1027 2372 1055 2393 a.
1077 2362 1159 2403 760,
1199 2362 1314 2394 consul
1340 2372 1368 2394 a.
1389 2363 1462 2395 765.
1524 2361 1614 2404 Quae
1652 2368 1853 2406 sequuntur,
1891 2365 1936 2397 ita

137 2419 282 2454 fortasse
307 2420 488 2463 supplenda
513 2423 605 2451 sunt:
643 2420 781 2461 [missus
808 2422 859 2451 cst
882 2420 946 2460 b]z‘s
975 2421 1035 2462 qui
1061 2429 1123 2463 pro
1153 2420 1284 2452 consule
1315 2417 1455 2460 G[allz'as
1478 2423 1509 2452 et
1543 2419 1712 2452 Orientem
1742 2421 1934 2461 offlinereth

138 2489 210 2511 nam
236 2479 276 2510 de
298 2477 372 2510 viro
401 2476 633 2519 proconsulari
658 2481 826 2519 potestate
853 2477 893 2509 ad
920 2477 1103 2519 exemplum
1128 2476 1292 2520 principis
1318 2477 1472 2519 praedito
1498 2478 1712 2520 proconsulis
1737 2479 1935 2511 vocabulum

137 2535 258 2568 nudum
282 2539 376 2567 recte
402 2534 562 2566 evitatur.

270 2592 295 2632 ¹)
322 2591 475 2624 Lotharii
499 2589 593 2623 Koch
623 2591 679 2631 (de
711 2591 861 2634 principe
896 2591 1093 2624 iuventutis.
1134 2590 1270 2633 Lipsiae
1298 2590 1396 2624 1883.
1415 2591 1449 2632 S)
1474 2592 1504 2624 si
1529 2597 1622 2624 recte
1646 2592 1803 2625 intellexi
1821 2593 1934 2636 dispu-

136 2651 298 2683 tationem
316 2650 489 2681 obscuram
507 2654 542 2681 et
558 2648 760 2691 perplexam,
779 2648 808 2680 is
826 2648 1010 2690 principem
1029 2648 1216 2680 iuventutis
1234 2649 1275 2680 ad
1294 2649 1478 2690 equitatum
1495 2648 1706 2682 referendum
1721 2660 1794 2682 esse
1810 2660 1931 2690 negans

135 2707 241 2740 solam
273 2707 358 2739 iuris
392 2706 425 2738 in
459 2706 682 2749 principatum
713 2705 764 2737 rei
799 2705 952 2747 publicae
976 2706 1177 2738 hereditarii
1202 2706 1481 2746 significationem
1506 2707 1539 2739 in
1567 2718 1604 2738 eo
1633 2707 1794 2739 vocabulo
1820 2708 1932 2740 inesse

137 2764 319 2798 contendit.
359 2762 429 2796 Nos
460 2763 494 2795 id
521 2764 694 2796 inventum
718 2774 777 2795 suo
804 2763 935 2795 auctori
961 2764 1186 2806 relinquemus
1211 2764 1388 2797 mirificum
1413 2774 1491 2796 sanc
1516 2770 1555 2797 ut
1578 2765 1691 2797 multis
1717 2765 1794 2796 aliis
1821 2766 1931 2797 nomi—

138 2823 252 2864 nibus,
283 2822 332 2854 ita
364 2821 506 2853 maxime
539 2831 577 2853 eo
609 2821 695 2863 quod
726 2821 773 2852 ita
803 2819 951 2852 futurum
985 2821 1098 2863 populi
1123 2820 1263 2853 Romani
1289 2821 1522 2864 imperatorem
1548 2822 1613 2854 soli
1639 2822 1768 2864 equites
1793 2822 1931 2855 Romani

137 2880 287 2921 deligunt
304 2878 361 2911 vel
379 2878 472 2919 adeo,
497 2878 526 2910 si
543 2877 709 2910 Hocliium
733 2877 915 2919 sequimur,
940 2878 1048 2910 seviri
1074 2888 1204 2919 eorum3
1231 2879 1260 2910 is
1286 2880 1373 2911 enim
1390 2884 1508 2911 auctor
1526 2884 1559 2911 et
1577 2884 1694 2911 acutus
1713 2885 1746 2912 et
1762 2880 1930 2913 modestus

136 2939 322 2979 Augustum
346 2936 396 2968 ait
420 2936 464 2978 (p.
485 2935 539 2978 14)
565 2936 638 2968 sive
669 2935 841 2967 erravisse
866 2935 941 2967 sive
966 2935 1141 2967 mentitum
1175 2945 1249 2968 csse
1274 2936 1313 2968 ab
1346 2937 1518 2969 universis
1537 2936 1706 2978 equitibus
1724 2936 1758 2969 id
1774 2941 1930 2980 repeten—

136 2999 215 3035 tem,
239 3002 320 3026 vere
346 2991 464 3024 Gaium
489 2995 523 3024 et
540 2990 677 3023 Lucium
702 2992 872 3035 principes
898 2992 1087 3025 iuventutis
1112 2991 1220 3025 factos
1246 3003 1320 3026 esse
1346 2995 1479 3026 decreto
1506 2994 1641 3035 collegii
1666 2995 1814 3027 sevirum
1838 2996 1930 3037 equi-

135 3056 204 3084 tum
229 3050 462 3083 Romanorum.
504 3048 630 3090 Quodsi
655 3049 809 3092 princeps
834 3050 1023 3082 iuventutis
1049 3054 1133 3091 erat,
1158 3055 1195 3082 ut
1219 3049 1325 3084 fuisse
1350 3061 1422 3083 eum
1446 3051 1551 3084 adhuc
1576 3061 1687 3084 omnes
1714 3052 1929 3094 credidimus,

137 3109 261 3152 primus
278 3107 424 3151 equitum
440 3106 671 3148 Romanorum,
696 3117 768 3140 cum
785 3107 918 3140 senatui
936 3107 1200 3149 adscribebatur,
1225 3113 1264 3141 ut
1281 3118 1382 3151 eques
1407 3108 1570 3141 Romanus
1596 3109 1644 3141 ita
1669 3109 1822 3152 princeps
1847 3120 1927 3152 quo-
