2227 3452
553 1096 589 1142 Ι.
644 1094 1143 1144 MONVMENTVM
1182 1094 1515 1143 ANCYRAN
1527 1097 1635 1144 VM.

324 1262 446 1301 Aedes
483 1260 645 1312 Augusti
692 1266 730 1299 et
767 1260 910 1299 Romae
954 1260 1053 1305 (vide
1091 1272 1205 1311 supra
1238 1273 1273 1311 p.
1296 1262 1334 1307 x)
1367 1260 1538 1312 Ancyrae
1576 1262 1701 1300 adhuc
1738 1270 1934 1314 superstes
1973 1277 1992 1302 a

196 1329 424 1368 Christianis
456 1330 493 1367 in
526 1328 725 1367 ecclesiam
749 1340 931 1366 conversa
953 1328 1187 1377 (Guillaume
1209 1341 1244 1379 p.
1270 1327 1349 1366 296
1369 1329 1477 1379 seq.)‚
1510 1328 1600 1367 inde
1622 1343 1641 1367 a
1664 1331 1816 1369 saeculo
1837 1344 1882 1368 xv
1905 1344 1993 1382 per-

192 1397 310 1436 tinuit
348 1398 592 1449 pertinetque
633 1396 746 1434 hodie
785 1396 829 1434 ad
870 1396 1089 1434 mosclieam
1130 1396 1296 1434 Hadschi
1329 1396 1497 1442 Beiram,
1539 1410 1607 1448 per
1646 1398 1798 1449 aliquod
1841 1406 1994 1451 tempus

193 1465 415 1504 coemeterii
462 1465 545 1503 loco
591 1478 610 1503 a
654 1464 789 1502 Tuscis
837 1470 1032 1514 usurpata.
1103 1464 1399 1515 Descripserunt
1445 1478 1528 1503 eam
1568 1466 1801 1506 Tournefort
1838 1468 1995 1519 (voyage

192 1533 242 1572 du
280 1533 419 1572 Levant
457 1532 499 1579 3,
530 1532 610 1570 315
648 1532 706 1570 ed.
742 1531 1088 1582 Lugdun.1717);
1138 1532 1299 1571 Kinneir
1338 1533 1520 1584 (Journey
1555 1534 1710 1586 clironyh
1749 1537 1836 1574 Asia
1874 1539 1996 1575 nu'nor

192 1601 356 1640 Londini
395 1601 501 1641 1818
538 1614 574 1652 p.
614 1601 704 1651 70);
757 1599 893 1638 Texier
941 1601 1184 1652 (description
1233 1602 1274 1640 (Ie
1319 1601 1427 1640 l’Am'e
1474 1605 1639 1641 mz'neure
1684 1604 1839 1643 Parisiis
1889 1604 1994 1643 1839

192 1682 249 1721 sq.
276 1671 292 1707 1
318 1683 354 1722 p.
382 1670 459 1708 172
473 1672 567 1720 sq.);
601 1669 684 1707 Gul.
708 1668 904 1707 Hamiltou
934 1669 1161 1719 (researclzes
1182 1672 1222 1708 in
1245 1671 1330 1708 Asia
1352 1672 1476 1708 minor
1498 1670 1662 1710 Londini
1689 1672 1793 1711 1842
1820 1673 1854 1719 1,
1877 1672 1995 1719 42013

191 1751 236 1777 ex
266 1738 407 1789 quibus
439 1737 735 1776 Tournesortius
772 1736 811 1774 in
844 1736 979 1775 tabella
1022 1750 1096 1775 una
1129 1744 1165 1776 et
1197 1737 1395 1776 Texierius
1427 1738 1465 1776 in
1499 1739 1637 1778 tabulis
1670 1753 1735 1778 sex
1767 1741 1835 1787 (64
1855 1741 1994 1790 —69)

191 1806 351 1845 aedificii
389 1809 554 1845 sormam
593 1805 860 1857 depinxerunt.
925 1805 998 1843 Sed
1030 1805 1089 1843 his
1121 1806 1233 1856 longe
1265 1806 1417 1857 plenius
1449 1813 1487 1845 et
1517 1808 1733 1847 accuratius
1764 1809 1994 1848 Edmundus

190 1874 405 1913 Guillaume
436 1875 474 1912 in
508 1887 622 1926 opere
654 1873 871 1924 splendido,
913 1874 1013 1923 quod
1047 1874 1238 1913 edendum
1273 1874 1420 1913 curavit
1451 1887 1538 1913 cuni
1573 1876 1686 1914 sociis
1718 1878 1844 1928 operis
1874 1878 1994 1916 Geor-

190 1941 250 1992 gio
272 1941 409 1980 Perrot
439 1948 476 1980 et
506 1941 602 1980 Iulio
624 1941 757 1979 Delbet
788 1941 974 1992 inscripto
1007 1943 1239 1993 explorau'on
1274 1943 1553 1994 arche'oloyique
1587 1945 1630 1983 (le
1662 1945 1698 1983 Ia
1723 1944 1866 1984 Galale'e
1889 1953 1921 1985 et
1952 1946 1995 1985 (Ie

190 2010 228 2048 la
249 2009 431 2059 Bithym‘e,
464 2007 574 2048 d’une
601 2012 723 2060 partie
755 2010 800 2048 de
830 2009 867 2047 ῖα
891 2009 1016 2060 Mysz'e,
1047 2011 1089 2049 (Ie
1123 2011 1159 2049 Ia
1182 2011 1350 2062 Pliryyie,
1384 2011 1425 2049 de
1457 2012 1493 2050 la
1516 2011 1732 2063 Cappadoce
1763 2021 1796 2052 et
1819 2015 1868 2052 (Ιιι
1891 2014 1993 2060 Pone,

190 2078 359 2116 execute'e
396 2090 441 2116 en
481 2076 583 2116 1861
619 2077 792 2127 (Parisiis
827 2076 945 2116 1872.
979 2077 1002 2115 2
1036 2078 1120 2116 voli.
1144 2079 1226 2129 fol.)
1263 2079 1302 2117 in
1337 2079 1475 2117 tabulis
1508 2080 1683 2119 13—24.
1717 2081 1781 2120 30.
1806 2082 1854 2120 31
1890 2082 1994 2120 aedi-

191 2145 319 2183 ficium
361 2151 399 2184 et
439 2151 481 2184 ut
512 2145 624 2183 hodie
657 2145 829 2183 cernitur
859 2152 896 2183 et
929 2152 969 2184 ut
1002 2146 1091 2184 olim
1126 2147 1278 2185 videtur
1308 2147 1445 2186 fuisse.
1488 2154 1682 2198 praeterea
1714 2151 1877 2188 formam
1911 2151 1994 2189 eius

192 2218 230 2251 et
260 2219 389 2264 partes
420 2213 604 2264 quasdam
637 2213 884 2251 notabiliores
916 2215 1219 2265 repraesentavit
1243 2214 1467 2265 tabulasque
1488 2229 1524 2267 p.
1549 2216 1769 2256 295-320
1793 2218 1996 2267 diligenter

190 2286 228 2319 et
257 2281 379 2332 perite
410 2281 613 2320 enarravit.
664 2281 742 2320 Nos
773 2281 945 2319 aedificio
978 2282 1230 2321 describendo
1263 2296 1340 2321 non
1364 2283 1632 2332 immoramur,
1665 2286 1846 2336 quoniam
1869 2300 1910 2325 ea
1934 2299 1994 2325 res

190 2349 409 2400 provinciae
464 2356 620 2388 nostrae
673 2350 769 2388 lines
822 2350 1018 2400 egreditur
1067 2364 1192 2401 neque
1239 2351 1414 2402 pervenit
1460 2353 1503 2390 ad
1551 2353 1844 2405 inscriptionem
1892 2362 1995 2393 recte

193 2418 444 2456 tractandam.
499 2417 671 2456 Sufficiet
703 2418 946 2457 adnotavisse
978 2419 1015 2457 in
1049 2419 1262 2470 parietibus
1293 2420 1397 2458 aedis
1431 2420 1520 2459 olim
1555 2422 1754 2474 hexastyli,
1788 2436 1885 2474 quae
1918 2429 1994 2462 tota

190 2487 288 2525 sacta
319 2492 377 2525 est
407 2498 453 2524 ex
485 2498 679 2524 marmore
710 2486 814 2531 albo,
854 2486 927 2537 legi
964 2486 1129 2525 indicem
1173 2493 1250 2525 tam
1283 2487 1418 2526 Latine
1457 2501 1570 2538 quam
1606 2490 1759 2537 Graece,
1792 2497 1829 2529 et
1862 2490 1994 2529 Latine

191 2553 346 2604 quidem
386 2553 492 2592 intus
530 2554 569 2592 in
607 2566 752 2605 pronao
785 2567 850 2593 sex
883 2554 1030 2605 paginis
1073 2554 1322 2606 bipertitum,
1362 2562 1405 2594 ut
1437 2562 1514 2595 tres
1546 2558 1705 2608 paginae
1738 2559 1885 2609 priores
1918 2558 1996 2596 sint

194 2621 233 2659 in
270 2620 417 2671 pariete
454 2621 589 2672 pronai
626 2622 857 2672 ingredienti
895 2636 914 2661 a
957 2624 1079 2668 laeva,
1118 2636 1137 2661 e
1170 2623 1325 2674 regione
1356 2624 1402 2662 ad
1434 2625 1608 2664 dextram
1643 2632 1718 2664 tres
1750 2626 1994 2677 posteriores,

194 2688 334 2727 Graece
375 2695 504 2727 autem
551 2691 792 2729 extrinsecus
829 2690 867 2729 in
909 2691 1054 2742 pariete
1094 2691 1209 2730 cellae
1245 2692 1379 2731 dextro
1420 2693 1569 2744 paginis
1609 2694 1848 2745 undeviginti
1889 2695 1994 2734 iuxta

192 2756 339 2808 positis.
401 2756 567 2795 Litterae
606 2758 667 2796 hic
696 2758 772 2797 illic
802 2758 913 2797 rubri
944 2759 1081 2797 coloris
1114 2759 1303 2798 evidentia
1336 2761 1492 2811 vestigia
1525 2769 1740 2801 servarunt.
1790 2762 1994 2814 Inscriptio

192 2828 355 2874 utraque
386 2836 463 2862 non
495 2836 540 2862 eo
572 2829 745 2876 tempore
776 2826 896 2865 incisa
927 2833 1004 2873 est,
1042 2840 1118 2878 quo
1149 2827 1260 2866 aedes
1292 2830 1389 2867 facta
1421 2835 1498 2875 est,
1536 2830 1601 2868 sed
1633 2836 1721 2880 post
1752 2829 1993 2869 intervallum

140 2911 143 2913 >
193 2897 231 2930 et
262 2897 305 2930 ut
336 2892 382 2930 ad
414 2891 673 2943 recipiendam
706 2906 789 2932 eam
821 2895 1007 2946 quaedam
1039 2896 1078 2933 in
1110 2895 1321 2947 parietibus
1355 2897 1582 2936 tollerentur
1612 2896 1669 2935 vel
1694 2895 1993 2948 mutarentur1).

325 3050 349 3089 ι)
378 3051 431 3082 Ait
459 3050 650 3083 Guillaume
677 3062 703 3093 p.
726 3052 808 3084 298:
847 3051 939 3085 Nous
969 3063 1108 3095 croyons
1138 3064 1198 3095 que
1234 3054 1263 3086 le
1292 3054 1416 3097 temple
1439 3054 1521 3086 e'tait
1545 3054 1671 3095 aeheve',
1697 3057 1796 3086 avant
1820 3054 1914 3097 qu'on
1939 3053 1995 3087 ent

193 3116 233 3138 eu
263 3105 360 3138 l’ide'e
389 3106 444 3150 d‘y
472 3107 587 3151 placer
617 3118 746 3140 aucune
776 3111 973 3152 inscription
983 3123 995 3149 ‚·
1031 3110 1078 3142 les
1108 3110 1198 3142 deu-z·
1224 3121 1393 3153 pronaos,
1425 3114 1544 3143 autaut
1577 3122 1638 3153 que
1668 3122 1752 3144 nous
1776 3122 1925 3155 pouvons
1956 3123 1994 3143 en
