2227 3452
973 111 1295 147 LEGATIONVM
1950 118 2030 158 181

233 228 432 276 tenuisset,
483 229 711 280 praesertim
762 235 935 269 extremo
985 235 1159 282 tempore
1206 234 1296 282 post
1343 229 1499 268 finitum
1549 231 1713 270 alterum
1764 233 2033 274 triumviratus

231 296 562 348 quinquennium,
627 303 714 349 apte
774 297 836 336 vix
885 298 1056 350 potuerit
1115 298 1254 337 efferri.
1328 297 1536 337 Enuntiari
1595 311 1738 338 nomen
1797 301 1868 340 viri
1928 303 2031 353 quod

229 365 427 415 Augustus
457 378 536 404 non
569 366 694 405 solum
728 367 767 405 in
796 367 1074 406 commentario
1102 366 1300 418 praeteriit
1323 369 1372 414 (V.
1395 378 1431 417 p.
1454 365 1531 415 VI),
1565 367 1632 405 sed
1663 367 1777 406 etiam
1806 382 1899 408 cum
1930 371 2031 410 avito

229 445 275 471 ex
305 433 413 472 fastis
450 434 614 485 publicis
655 435 758 474 eradi
803 435 918 474 iussit
948 435 1005 485 (C.
1028 435 1055 473 I.
1078 435 1159 473 L.I
1188 448 1224 486 p.
1249 434 1369 484 422),
1415 434 1515 472 redit
1560 434 1719 473 omnino
1765 437 1810 475 ad
1856 437 2030 477 eiusdem

228 501 437 540 memoriae
474 502 774 548 restitutionem,
815 503 924 541 cuius
966 502 1125 554 vestigia
1155 503 1272 541 iidem
1304 502 1393 542 fasti
1423 508 1598 549 servant,
1638 505 1777 542 factam
1810 512 1912 544 certe
1943 513 2031 546 ante

229 582 259 608 a.
286 569 337 608 20
373 570 544 617 (Tacitus
575 583 664 610 ann.
689 570 726 617 3,
753 570 834 617 18),
865 572 1029 609 fortasse
1060 571 1144 622 ipso
1175 572 1349 621 Augusto
1380 571 1596 622 imperante
1628 571 1692 621 (cf.
1715 576 1809 610 rom.
1832 573 1983 613 For—sch.
2006 575 2030 612 2

227 651 263 688 p.
289 637 370 688 78).
394 660 448 666 —-
479 639 635 690 Legatio
655 638 848 690 praetorio
870 638 965 685 iure,
998 652 1114 690 quam
1139 638 1346 678 Caerellius
1371 645 1440 685 ter,
1473 638 1678 690 Paelignus
1702 639 1761 678 bis
1785 641 1891 688 obiit,
1924 648 2032 682 uter-

226 719 301 756 que
332 712 419 745 ante
450 713 682 758 praeturam,
715 706 778 745 hic
808 719 854 744 ex
886 714 1043 745 senatus
1074 708 1252 746 consulto
1285 714 1323 746 et
1354 709 1582 747 auctoritate
1614 707 1669 746 Ti.
1694 708 1877 756 Caesaris,
1911 711 2031 761 signi—

227 775 315 813 ficet
344 787 498 814 necesse
530 781 589 814 est
618 775 828 813 adsessoris
868 775 1038 814 officium
1085 777 1124 815 in
1171 775 1378 827 provinciis
1420 777 1605 815 senatorii
1643 776 1738 815 iuris
1783 777 1915 828 legatis
1961 792 2030 830 pro

224 849 401 893 praetore
438 843 703 882 commissum.
764 842 860 882 Nam
900 843 1109 894 opponitur
1144 844 1235 883 huic
1270 844 1452 895 legationi
1484 844 1524 883 in
1557 845 1667 884 titulo
1699 845 1827 896 priore
1859 846 2030 886 oflicium

223 910 337 961 legati
382 911 563 961 Augusti,
608 924 678 950 nec
724 911 903 950 credibile
941 918 999 950 est
1038 912 1216 952 homines
1259 926 1336 952 non
1375 912 1589 965 praetorios
1628 913 1673 951 ad
1713 913 1827 964 legati
1866 915 2031 965 Augusti

222 978 352 1017 locum
390 979 579 1018 admissos
618 992 722 1026 esse,
761 992 849 1018 cum
888 980 1002 1031 legati
1032 980 1253 1020 adsessores
1285 994 1363 1019 non
1395 981 1577 1032 praetorii
1608 981 1751 1033 passim
1783 981 2032 1023 inveniantur

223 1046 309 1097 (Dio
341 1046 502 1094 53,14;
550 1047 705 1086 Henzeu
738 1048 859 1087 5450.
891 1049 1012 1088 6007.
1051 1050 1172 1088 6012.
1209 1050 1332 1088 (5051.
1362 1049 1470 1089 6498
1514 1051 1616 1092 eet).
1692 1049 1920 1101 Legationes
1965 1064 2030 1091 eae

224 1121 357 1154 utrum
391 1115 530 1155 diversi
562 1116 708 1155 ordinis
740 1116 885 1155 fuerint
916 1117 977 1168 (ut
1007 1118 1046 1156 in
1079 1117 1189 1156 titulo
1222 1118 1370 1156 urbano
1403 1117 1442 1156 C.
1466 1118 1525 1164 VI,
1563 1119 1666 1157 1440
1699 1118 1753 1157 sic
1785 1125 1860 1158 est:
1893 1120 2030 1171 nupt„

225 1191 376 1235 quaest„
402 1184 469 1235 leq.
491 1185 574 1236 [pro
593 1185 665 1236 pru]
685 1185 804 1231 Assae,
838 1186 904 1237 leq.
924 1198 995 1237 pro
1012 1199 1073 1237 pr.
1093 1187 1257 1237 Africae,
1289 1187 1382 1237 lem]
1402 1189 1513 1226 misso
1536 1187 1583 1225 ad
1599 1188 1827 1239 principem)
1849 1200 1897 1226 an
1918 1189 2031 1239 legati

224 1252 263 1290 hi
308 1252 454 1291 fuerint
497 1254 775 1304 proconsulum
818 1267 966 1294 eorum.
1013 1255 1079 1305 qui
1124 1267 1192 1305 per
1239 1254 1448 1294 triennium
1498 1255 1744 1294 bienniumve
1790 1256 2028 1307 provinciam

222 1319 438 1359 retinerent
468 1327 505 1359 et
536 1334 624 1360 cum
658 1321 856 1372 provincia
886 1323 1002 1361 etiam
1033 1322 1190 1373 legatos,
1238 1329 1280 1361 ut
1317 1322 1469 1362 iteratio
1500 1323 1540 1362 in
1572 1323 1630 1362 bis
1665 1324 1784 1363 titulis
1817 1333 2029 1366 memorata

223 1401 302 1427 non
337 1395 412 1427 tam
444 1389 598 1440 propria
631 1389 748 1428 fuerit
778 1390 1004 1440 legatorum,
1037 1403 1152 1441 quam
1186 1404 1204 1429 a
1237 1390 1535 1441 proconsulibus
1574 1398 1657 1430 orta
1688 1393 1734 1430 ad
1765 1392 1908 1443 legatos
1940 1394 2029 1432 des-

222 1457 405 1504 cenderit,
438 1464 543 1496 certo
574 1457 726 1497 definiri
757 1471 835 1497 non
866 1464 1006 1510 potest.
1070 1459 1144 1497 Sed
1179 1465 1306 1497 tamen
1338 1459 1549 1510 legationes
1581 1460 1648 1498 has
1681 1467 1719 1499 et
1748 1460 1852 1512 ipsas
1874 1474 2024 1501 annuas

220 1526 339 1565 fuisse
372 1532 409 1565 et
439 1526 683 1565 iterationem
716 1526 908 1578 recepisse
940 1540 1029 1566 eum
1071 1527 1168 1565 ratio
1208 1527 1372 1578 requirit
1404 1530 1466 1572 (cf.
1490 1528 1717 1567 Staatsrechc
1751 1529 1787 1574 2,
1812 1529 1908 1577 246)
1943 1536 2026 1569 tum

219 1595 425 1634 confirmat
457 1595 592 1634 titulus
624 1595 752 1646 quarti
784 1595 926 1634 saeculi
956 1595 1160 1635 Africanus
1192 1596 1248 1646 (C.
1274 1596 1368 1641 wll,
1394 1595 1518 1644 5290)
1552 1609 1640 1635 cum
1684 1604 1821 1648 quarto
1859 1611 2027 1649 procon-

221 1664 349 1703 sulatu
379 1663 525 1703 Aurelii
555 1663 768 1703 Aristobuli
806 1663 1044 1715 coniungens
1082 1665 1251 1715 legatum
1290 1664 1373 1703 eius
1413 1671 1562 1715 quarto.
1595 1689 1650 1692 —
1681 1666 1792 1712 Quod
1831 1667 1946 1706 etiam
1987 1667 2026 1706 in

220 1733 501 1784 proconsulum
534 1732 667 1783 legatis
699 1732 851 1771 iteratio
884 1745 962 1771 non
995 1733 1126 1771 minus
1159 1745 1245 1772 raro
1277 1733 1475 1773 invenitur
1506 1746 1623 1785 quam
1646 1734 1685 1773 in
1707 1735 1840 1786 legatis
1863 1736 2026 1787 Augusti

217 1813 289 1840 nec
325 1803 403 1840 fere
442 1800 517 1839 nisi
558 1801 680 1852 prima
719 1807 841 1840 aetate
873 1802 980 1851 (nam
1022 1801 1122 1840 tituli
1162 1815 1277 1853 supra
1316 1802 1499 1841 recensiti
1543 1802 1614 1841 sub
1645 1803 1821 1853 Augusto
1863 1804 1921 1842 vel
1953 1805 2025 1843 sub

218 1869 371 1908 Tiberio
403 1869 536 1920 scripti
568 1870 687 1919 sunt),
720 1870 756 1908 id
789 1869 871 1908 sine
903 1870 1020 1908 dubio
1051 1869 1143 1909 item
1183 1870 1272 1909 inde
1311 1872 1490 1910 eflectum
1531 1878 1600 1918 est,
1643 1872 1747 1921 quod
1779 1872 1838 1911 his
1870 1886 2025 1923 quoque

216 1938 292 1977 iam
324 1937 519 1990 provincia
550 1937 716 1976 adscribi
754 1937 863 1976 solet.
924 1938 1106 1977 Eiusdem
1143 1946 1270 1978 tamen
1308 1939 1527 1990 provinciae
1566 1940 1702 1990 legatio
1739 1942 2024 1991 proconsularis

217 2018 307 2045 cum
339 2006 447 2045 facile
478 2019 546 2057 per
577 2006 708 2058 plures
739 2018 862 2045 annos
894 2006 1113 2045 continuari
1144 2007 1327 2059 potuerit,
1360 2021 1444 2046 eam
1477 2015 1656 2059 expectes
1688 2009 1841 2060 saepius
1873 2022 2024 2049 memo-

216 2074 312 2122 rari3
344 2073 598 2113 nihilominus
630 2074 709 2113 sive
740 2080 899 2126 propter
930 2075 1046 2114 officii
1077 2075 1355 2126 ignobilitatem
1378 2076 1457 2116 sive
1480 2089 1571 2116 casu
1593 2077 1675 2116 eins
1697 2091 1850 2128 quoque
1873 2079 2023 2129 generis

215 2142 368 2182 iteratio
401 2142 463 2181 vix
494 2155 656 2193 usquam
690 2143 897 2182 invenitur.

349 2211 461 2258 Quod
494 2211 662 2250 diximus
694 2211 936 2251 iterationem
971 2212 1318 2251 administrationis
1359 2213 1605 2264 provincialis
1638 2226 1715 2253 non
1749 2214 1915 2261 admitti,
1947 2215 2023 2254 nisi

218 2279 284 2318 ubi
315 2279 510 2331 provincia
543 2280 675 2318 eadem
708 2281 770 2327 sit,
816 2280 854 2319 id
896 2293 972 2319 non
1004 2281 1174 2332 pertinet
1220 2282 1267 2320 ad
1313 2294 1534 2321 sermonem
1583 2283 1723 2321 saeculi
1769 2283 1907 2334 quarti.
1967 2284 2021 2322 Ita

216 2347 256 2386 in
308 2347 419 2387 titulo
471 2348 684 2387 Mutinensi
736 2349 851 2388 OreII.
890 2348 999 2388 3746
1046 2350 1086 2388 L.
1122 2350 1271 2389 Nonius
1322 2351 1443 2390 Verus
1495 2351 1637 2390 dieitur
1688 2352 1740 2390 bis
1789 2351 2021 2402 συνναίων),

216 2416 374 2467 Apuliae
405 2423 438 2454 ec
463 2416 715 2468 Calabr(1'ae),
755 2418 993 2457 Venellorum
1026 2426 1058 2457 ec
1080 2418 1224 2464 Istriae,
1258 2419 1495 2458 Caecilianus
1527 2420 1669 2458 ibidem
1704 2420 1756 2458 bis
1777 2420 2028 2467 ¹1·atc'0u(ccle's),

218 2484 320 2523 urbis
360 2483 499 2523 Romae
536 2492 569 2524 ec
600 2487 770 2537 Africam
810 2486 902 2525 item
937 2488 976 2525 C.
1000 2486 1150 2526 Caelius
1195 2488 1430 2527 Saturninus
1472 2488 1511 2526 in
1553 2488 1662 2527 titulo
1701 2488 1848 2526 urbano
1881 2489 1937 2539 (C.
1963 2488 2020 2533 VI,

223 2553 344 2600 1704)
376 2555 543 2592 vicarius
570 2554 885 2605 praes(ectorum)
913 2558 1105 2606 praetorio
1138 2556 1202 2603 bis,
1235 2559 1271 2595 in
1305 2556 1399 2595 urbe
1429 2556 1549 2595 Roma
1582 2563 1615 2595 et
1641 2569 1713 2607 per
1734 2556 1882 2607 Mysius.
1945 2557 2021 2595 Sed

221 2620 268 2659 ab
298 2620 515 2671 antiquiore
547 2627 585 2660 et
614 2622 786 2673 legitimo
819 2636 893 2662 usu
927 2624 1013 2662 talia
1044 2624 1268 2663 abhorrent.

349 2689 461 2735 Quod
501 2689 546 2728 de
583 2690 772 2740 legatione
812 2692 1077 2743 exposuimus,
1116 2692 1260 2743 pariter
1299 2692 1447 2731 obtinet
1488 2693 1532 2731 de
1581 2692 1760 2731 omnibus
1806 2692 2020 2731 honoribus

216 2757 441 2808 officiisque,
474 2770 571 2808 quae
604 2770 693 2796 cum
724 2771 793 2809 per
824 2772 864 2798 se
894 2760 1138 2798 iterationem
1178 2760 1377 2812 recipiant,
1420 2772 1497 2799 non
1538 2761 1640 2800 nudo
1682 2760 1797 2799 oflicii
1835 2761 2018 2800 vocabulo

218 2825 411 2876 designari
443 2825 580 2872 solent,
613 2826 679 2864 sed
710 2826 1031 2866 determinatione
1062 2828 1188 2879 aliqua
1210 2829 1355 2867 adiecta
1379 2829 1585 2868 enuntiari.
1628 2829 1781 2868 Scilicet
1804 2828 1869 2867 ubi
1890 2829 2019 2868 deter-

216 2894 376 2933 minatio
416 2893 585 2945 ponitur,
632 2894 783 2933 iteratio
815 2895 860 2934 ad
892 2896 1256 2935 determinationem
1288 2910 1442 2948 quoque
1474 2899 1652 2943 refertur,
1692 2909 1779 2935 raro
1810 2904 1939 2935 autem
1972 2885 2018 2936 ad

216 2962 390 3013 generale
412 2961 667 3009 vocabulu1n;
699 2969 831 3001 contra
865 2964 1184 3003 determinatione
1217 2965 1360 3004 omissa
1390 2965 1542 3004 iteratio
1575 2965 1688 3003 etiam
1722 2964 1870 3003 diversa
1894 2965 2018 3004 officia

215 3031 473 3082 amplectitur.
535 3030 804 3070 Praefecturae
836 3038 1036 3083 tantopere
1067 3032 1168 3071 inter
1199 3046 1239 3071 se
1272 3033 1467 3079 differunt,
1500 3040 1542 3072 ut
1574 3034 1613 3071 in
1645 3033 1717 3071 hoc
1739 3033 1864 3072 officio
1888 3034 2016 3073 deter-
