2430 3394
488 146 541 186 74
1270 143 1335 183 in,
1361 144 1499 177 35—39

487 262 850 314 Caesaraugustanis
900 262 1204 301 Emeritensibus
1256 262 1570 301 Cordubensibus
1626 262 1895 309 Patrensibus,
1954 263 2178 301 duodecima
2236 262 2274 302 in

486 331 736 371 Patrensibus
768 331 818 382 (v.
841 332 885 371 ad
910 333 946 378 5,
971 331 1052 382 35).
1113 330 1184 369 Eas
1216 330 1384 369 colonias
1416 330 1455 369 in
1487 330 1658 369 nummis
1690 330 1906 370 nominatas
1938 343 2012 370 non
2044 332 2276 371 adscendere

486 401 531 439 ad
572 406 743 452 tempora
790 399 968 439 victoriae
1006 399 1179 438 Actiacae
1225 398 1298 450 ipsi
1343 398 1496 437 numeri
1541 399 1813 451 comprobant;
1859 412 1946 438 nam
1992 413 2080 439 cum
2127 407 2277 439 constet

486 469 705 520 Augustum
738 475 826 520 post
855 468 1046 507 Actiacam
1089 479 1254 518 pugnam
1294 467 1339 506 ad
1378 467 1655 519 quinquaginta
1694 468 1862 519 legiones
1903 480 2140 516 numerasse,
2172 476 2277 508 vete-

485 550 669 576 ranorum
704 543 785 576 tum
818 537 1069 576 deductorum
1104 535 1136 574 si
1166 535 1318 574 nummi
1350 536 1576 574 memoriam
1601 543 1828 576 servassent.
1861 536 2014 576 numeri
2035 550 2150 589 supra
2179 537 2277 576 duo-

487 605 680 645 decimum
719 618 797 644 non
844 603 1210 655 desiderarentur1).
1271 604 1436 651 Accedit,
1483 605 1585 656 quod
1632 612 1832 645 veteranos
1877 605 1962 644 illos
1997 606 2193 656 Augustus
2239 606 2275 645 in

487 674 647 714 coloniis
678 674 819 713 Italicis
851 673 1060 719 collocavit,
1102 686 1198 724 quae
1235 685 1419 711 nummos
1450 673 1576 712 nullos
1614 674 1866 725 reliquerunt.
1925 674 1982 712 Ab
2018 674 2135 713 altera
2171 681 2277 726 parte

488 744 727 783 coloniarum
759 743 805 782 ab
836 743 1010 793 Augusto
1042 742 1081 780 in
1112 741 1320 793 provinciis
1352 741 1604 781 deductarum
1636 743 1837 794 plerasque
1869 749 1971 781 certe
2003 742 2101 782 circa
2131 755 2276 782 annum

488 813 566 851 740
598 811 827 851 constitutas
859 824 942 850 esse
974 823 1088 863 supra
1120 823 1155 862 p.
1180 810 1230 849 65
1262 810 1440 849 vidimus.
1487 824 1660 862 quaeque
1692 824 1823 850 earum
1866 811 2059 862 legionum
2097 811 2278 850 vocabula

486 880 659 920 nummis
690 880 981 931 inseiipserunt,
1014 879 1053 917 in
1085 892 1129 918 eo
1160 892 1324 919 numero
1356 892 1491 919 omnes
1514 893 1596 919 esse
1619 886 1685 919 aut
1707 886 1854 919 certum
1877 886 1935 918 est
1955 886 2022 919 aut
2041 879 2120 918 veri
2141 879 2277 919 simile.

486 950 618 1001 ltaque
649 949 818 1000 legiones
849 961 944 999 quas
975 949 1173 999 Augustus
1205 948 1339 988 habuit
1370 956 1457 1000 post
1486 949 1629 988 bellum
1662 949 1860 988 Actiacum
1892 954 1980 987 ante
2010 947 2278 987 Pannonicum

485 1030 647 1057 numero
678 1017 832 1068 quidem
866 1016 1123 1068 duodeviginti
1154 1019 1323 1064 fuerunt,
1363 1018 1544 1057 vocabula
1585 1025 1713 1057 tamen
1748 1018 1848 1057 intra
1887 1029 2094 1056 numerum
2131 1016 2279 1056 duode-

486 1086 639 1125 narium
673 1099 713 1124 se
743 1085 1034 1131 continuerunt,
1068 1092 1109 1125 ut
1141 1092 1294 1137 praeter
1325 1088 1462 1125 seriem
1495 1087 1717 1125 continuam
1745 1099 1765 1125 a
1788 1087 1910 1138 prima
1938 1085 1982 1125 ad
2011 1085 2277 1125 duodecimam

487 1163 563 1194 tres
597 1154 740 1201 tertiae,
778 1162 936 1205 quartae
966 1160 1095 1193 autem
1127 1161 1165 1193 et
1195 1155 1351 1206 quintae
1383 1163 1421 1194 et
1452 1163 1580 1195 sextae
1611 1163 1649 1195 et
1679 1155 1848 1194 decimae
1880 1155 1989 1193 binae
2020 1154 2278 1194 inveniantur.

484 1223 685 1262 Eiusmodi
725 1236 980 1262 numerorum
1019 1223 1227 1274 geminatio
1266 1237 1354 1263 cum
1393 1224 1597 1263 abhorreat
1634 1225 1681 1263 ab
1725 1223 1920 1274 legionum
1968 1223 2280 1262 denominatione

485 1292 702 1343 antiquiore
733 1292 978 1344 coeperitque
1011 1292 1168 1331 denium
1206 1292 1420 1344 imperante
1451 1294 1638 1344 Augusto,
1680 1293 1762 1331 sine
1793 1292 1909 1331 dubio
1948 1292 2038 1330 inde
2075 1291 2280 1343 repetenda

485 1368 555 1405 est,
595 1361 699 1412 quod
737 1374 782 1399 ex
820 1360 1053 1400 exercitibus
1094 1361 1226 1413 Lepidi
1267 1368 1305 1400 et
1334 1362 1502 1405 Antonii,
1545 1361 1611 1413 qui
1641 1361 1793 1401 Caesari
1830 1373 1869 1400 se
1910 1360 2167 1406 tradiderunt,
2214 1372 2280 1399 sex

484 1429 653 1480 legiones
685 1429 718 1468 is
750 1429 830 1468 suis
860 1429 1000 1468 adiecit
1029 1429 1203 1469 numeris
1233 1430 1405 1469 retentis.
1457 1430 1498 1469 Id
1529 1431 1724 1469 evidenter
1751 1436 1910 1482 apparet
1928 1430 1969 1468 in
1992 1429 2116 1469 trihus
2146 1428 2279 1475 tertiis,

485 1511 649 1549 quarum
672 1498 796 1550 prima
828 1511 916 1537 cum
948 1505 1081 1550 postea
1112 1498 1323 1550 appelletur
1344 1498 1528 1550 Augusta,
1560 1500 1642 1538 sine
1664 1499 1778 1538 dubio
1799 1498 1846 1538 ab
1867 1498 1951 1550 ipso
1972 1498 2189 1550 conscripta
2209 1504 2279 1542 est,

485 1567 659 1613 alteram,
697 1580 795 1618 quae
826 1573 884 1606 est
916 1567 1068 1613 Gallica,
1108 1573 1259 1606 constat
1299 1567 1487 1607 meruisse
1526 1568 1598 1607 sub
1628 1568 1808 1615 Antonio,
1849 1567 2002 1607 tertiam
2033 1567 2280 1619 Cyrenaicam

485 1635 684 1687 Lepidiani
720 1636 910 1675 exercitus
950 1642 1099 1687 partem
1142 1636 1232 1675 olim
1276 1637 1393 1675 fuisse
1440 1642 1599 1689 propter
1644 1648 1787 1675 nomen
1833 1636 2040 1675 verisimile
2083 1642 2152 1675 est.
2227 1635 2282 1674 De

485 1704 632 1755 quartis
660 1703 852 1755 quintis2)
881 1704 997 1743 sextis
1020 1704 1179 1743 decimis
1200 1717 1278 1743 non
1302 1704 1393 1744 satis
1415 1711 1583 1757 apparet.
1615 1711 1722 1744 utrae
1744 1704 1906 1756 Augusti
1927 1704 2104 1757 propriae
2125 1704 2280 1751 fuerint,

487 1780 591 1812 utras
635 1773 777 1813 alienas
823 1773 1100 1825 adsumpserit,
1148 1786 1219 1812 nec
1264 1773 1384 1825 inagis
1429 1773 1581 1813 definiri
1625 1780 1771 1826 potest,
1821 1786 2011 1824 quaenam
2057 1786 2102 1812 ex
2137 1773 2198 1813 1115
2235 1773 2281 1813 ad

484 1842 692 1881 Antonium
726 1849 793 1881 aut
823 1842 869 1881 ad
901 1842 1089 1894 Lepidum
1121 1842 1291 1881 redeant.

617 1911 745 1957 Quare
776 1918 819 1950 ut
850 1923 1045 1950 summam
1077 1923 1159 1949 rem
1192 1911 1506 1963 ctnnplectamur,
1539 1911 1676 1950 Caesar
1707 1924 1738 1950 a.
1763 1910 1842 1950 718
1882 1911 1920 1949 in
1961 1911 2074 1950 fidem
2115 1910 2282 1963 acceptis

484 1979 699 2031 legionibus
740 1979 875 2031 Lepidi
919 1979 1052 2031 viginti
1092 1979 1241 2019 duabus
1280 1979 1754 2032 (Appian.b.c.5,123;
1792 1979 1957 2031 amplius
2002 1979 2151 2031 viginti:
2189 1980 2282 2018 Veli.

485 2049 522 2088 2.
547 2049 619 2095 803
661 2048 812 2100 viginti:
851 2050 1010 2088 Sueten.
1037 2049 1133 2099 Aug.
1168 2048 1247 2099 16),
1290 2049 1389 2101 inter
1426 2062 1520 2100 quas
1561 2056 1670 2088 erant
1709 2055 1794 2087 octo
1837 2056 1947 2087 antea
1989 2050 2076 2088 Sex.
2111 2048 2284 2100 Pompeii

486 2118 550 2167 (cf.
575 2118 775 2156 Drumann
812 2118 844 2164 1,
868 2117 950 2168 21),
996 2117 1212 2168 legionibus
1259 2118 1428 2169 praefuit
1473 2117 1723 2169 quadraginta
1769 2124 1952 2168 quattuor
1990 2118 2117 2165 (Oros.
2147 2117 2183 2163 6,
2214 2116 2284 2168 20)

486 2186 545 2225 vel
585 2185 838 2237 quadraginta
876 2186 1046 2237 quinque
1077 2186 1253 2238 (Appian.
1277 2186 1314 2225 h.
1338 2199 1368 2225 c.
1394 2188 1430 2233 5,
1457 2186 1533 2225 127
1566 2188 1612 2225 cf.
1637 2199 1668 2225 c.
1693 2186 1774 2235 53).
1834 2185 2105 2225 Exauctoravit
2146 2186 2282 2225 deinde

487 2254 621 2306 viginti
660 2253 765 2292 milia
802 2261 1073 2293 veteranorum
1115 2267 1276 2294 suorum
1309 2255 1485 2307 (Appian.
1510 2256 1546 2301 5,
1573 2255 1680 2306 129),
1720 2262 1914 2307 praeterea
1946 2254 2199 2306 Pompeianas
2229 2254 2286 2293 le-

487 2323 618 2375 giones
657 2334 792 2361 omnes
825 2322 910 2372 (Dio
934 2323 998 2362 49.
1025 2322 1105 2374 12),
1139 2336 1183 2362 ex
1215 2323 1432 2374 Lepidianis
1475 2330 1576 2363 certe
1607 2323 1793 2375 plurimas
1825 2323 2021 2371 dissolvit3
2060 2335 2178 2373 quare
2208 2336 2284 2374 quo

489 2398 660 2443 tempore
691 2390 875 2430 adversus
906 2391 1119 2430 Antonium
1158 2391 1365 2442 dimicavit,
1406 2392 1573 2443 legiones
1611 2392 1745 2431 habuit
1783 2392 1896 2443 longe
1933 2391 2146 2443 pauciores.
2204 2392 2285 2430 An-

489 2460 638 2500 tonium
678 2466 761 2499 tum
808 2472 886 2498 non
925 2460 1010 2511 plus
1048 2473 1121 2498 xxx
1160 2460 1346 2511 legiones,
1384 2462 1548 2500 sortasse
1587 2460 1870 2512 duodetriginta
1909 2460 2178 2500 tantummodo
2209 2457 2286 2514 {ha-

622 2628 648 2671 l)
673 2628 837 2661 Denarius
864 2638 927 2659 uno
954 2629 1137 2670 exemplari
1165 2632 1262 2660 notus
1288 2633 1321 2660 et
1347 2629 1441 2670 plane
1476 2628 1659 2670 singularis
1692 2630 1815 2661 habens
1850 2629 1890 2660 ab
1921 2629 2031 2661 altera
2065 2633 2158 2671 parte
2189 2632 2288 2671 caput

489 2687 646 2720 Caesaris
662 2686 724 2718 filii
750 2686 869 2717 nudum
897 2685 969 2717 sine
995 2686 1236 2727 adscriptione,
1261 2686 1300 2717 ab
1321 2686 1429 2717 altera
1447 2686 1576 2718 leonem
1602 2697 1674 2718 cuul
1700 2687 1926 2729 adscriptione
1958 2695 2027 2721 LEG
2046 2703 2054 2711 ·
2072 2694 2138 2720 XVI
2162 2684 2287 2726 (Cohen

489 2744 573 2785 Aug.
599 2744 679 2783 1873
711 2742 955 2775 Friedlaender
986 2743 1070 2784 apud
1103 2742 1264 2775 Salletum
1291 2745 1486 2775 nmnismat.
1514 2742 1713 2781 Zez‘tsclzm'l't
1738 2744 1767 2785 2,
1794 2744 1869 2783 117)
1895 2744 2068 2785 quominus
2093 2747 2224 2785 spectet
2247 2741 2288 2774 ad

491 2811 587 2832 unam
612 2801 780 2842 legionum
807 2800 1019 2831 dimissarum
1046 2805 1120 2842 post
1145 2810 1284 2842 pugnaui
1312 2799 1490 2840 Actiacam,
1520 2810 1582 2831 non
1608 2800 1714 2832 solum
1739 2800 1824 2832 nihil
1843 2801 1992 2843 impedit,
2019 2801 2075 2832 sed
2094 2800 2194 2832 etiam
2212 2799 2287 2831 inde

491 2859 524 2890 id
550 2858 808 2897 commendatur,
834 2857 919 2898 quod
944 2857 1047 2898 periti
1073 2857 1221 2889 iudicant
1248 2857 1369 2899 capitis
1394 2857 1543 2888 habitum
1569 2857 1600 2888 ei
1625 2856 1695 2889 fere
1722 2859 1914 2900 tempestati
1941 2858 2063 2900 optime
2095 2856 2287 2889 convenire.

488 2915 549 2948 Ubi
575 2925 674 2946 cusus
699 2914 756 2954 sit,
782 2914 973 2954 ignoratum
999 2915 1056 2945 sed
1082 2915 1197 2956 populi
1224 2913 1360 2946 Romani
1386 2919 1451 2953 est,
1476 2924 1539 2945 non
1565 2914 1716 2947 coloniae
1742 2915 1895 2947 alicuius.

619 2970 649 3009 ²)
675 2969 820 3012 Quintae
847 2970 930 3002 duae
956 2975 1024 3002 tam
1042 2971 1182 3003 alaudae
1207 2982 1302 3013 quani
1328 2971 1541 3004 Macedonica
1570 2982 1641 3003 cum
1667 2973 1707 3003 ad
1726 2972 1902 3004 Caesarem
1921 2972 2119 3004 dictatorem
2138 2971 2287 3011 redeant,

489 3028 565 3060 inde
592 3039 655 3059 non
682 3028 835 3069 sequitur
862 3029 926 3059 iam
952 3028 985 3059 in
1012 3028 1084 3059 eius
1111 3029 1265 3060 exercitu
1284 3029 1434 3069 legiones
1453 3029 1566 3071 plures
1587 3029 1736 3060 eiusdem
1753 3029 1881 3061 numeri
1898 3027 2020 3066 suisse;
2049 3037 2121 3059 nam
2148 3027 2287 3059 alaudae

488 3085 657 3127 legionem
682 3090 751 3117 tum
777 3090 911 3118 constat
935 3094 1072 3117 numero
1099 3084 1249 3117 caruisse
1275 3090 1391 3127 postea
1417 3085 1557 3127 demum,
1583 3084 1727 3118 fortasse
1753 3086 1813 3118 sub
1838 3085 2040 3126 triumviris,
2067 3084 2097 3117 ei
2124 3084 2241 3116 indito.
